1737 3163
155 213 264 264 516

748 212 1068 265 ὈΜΗΡΟΥ

297 357 437 418 Ἴλιος
463 360 712 432 ὁφξυόεσσοι
741 384 844 433 ωυξι
872 361 1098 432 σμύχοιτο
1124 359 1225 413 κατ’
1255 360 1410 434 οἵκξης.

309 435 428 486 Aaou
455 433 535 503 μέν
554 435 616 505 ῥα
644 435 831 507 γέροντα
854 436 990 505 μόλις
1017 435 1118 507 ἐ’χον
1145 436 1471 507 ἀσχαλόωντα,

303 510 544 571 Ἐξελθεῖν
568 513 798 578 μεμαῶτα
824 513 1002 562 πυλάων
1031 511 1343 583 Δαξόοινιάων·

305 585 495 640 Πάντας
525 581 566 634 δ’
595 585 869 641 ἐλλιτάνευε,
892 584 1194 654 κυλινδόμενος
1222 587 1349 637 κατὰ
1375 584 1544 658 κόνι-ζον,

160 661 269 712 415
306 657 696 726 Ἐξονομακληόην
722 658 942 729 ὀνομάζων
969 657 1158 740 ανδξοι”
1138 680 1312 716 εκαςον·

384 731 580 801 Σχὲσθε,
606 732 747 797 φίλοι,
773 732 857 784 καί
878 734 928 801 μ’
957 756 1040 784 οιον
1063 733 1247 792 ἐάσατε,
1275 734 1502 803 κηδόμενοί
1525 757 1622 806 τες,

305 805 591 868 Ἐξελὲτόντα
617 806 795 865 πόληος,
824 805 960 858 ἵκεο-θ’
992 807 1059 858 ἐπὶ
1089 831 1189 866 νηας
1213 810 1435 878 'Axonam‘

311 883 546 950 Λίσσομαι
575 880 709 952 ἀνέξω
736 884 863 932 τέτον
890 883 1171 939 ἀτάσθαλον,
1198 881 1506 954 ὂβξιμοεξγον,

300 955 392 1007 ''Hv
417 979 501 1014 πως
530 956 698 1014 ἡλικίην
726 954 1004 1017 αἰδέσσεται,
1033 955 1099 1014 ᾖδ’
1135 956 1293 1029 ἑλεῆση

160 1034 270 1084 420
309 1034 475 1102 Γῆξας·
502 1031 581 1081 καὶ
610 1029 654 1082 δέ
681 1054 724 1081 νυ
751 1030 861 1083 τωδε
889 1030 1035 1102 warh?
1065 1029 1222 1089 τοιόςόε
1251 1053 1464 1082 τετυκτοιι

312 1103 560 1166 Πηλευς,
540 1129 582 1163 ος
610 1128 685 1175 μιν
713 1104 855 1157 ἐ’τικτε
884 1106 964 1156 καὶ
993 1104 1161 1177 ἕτξεφε,
1187 1128 1322 1174 πῆμα
1348 1103 1549 1170 γενέσθαι

307 1180 470 1252 Τξωσῖ·
498 1182 690 1249 μάλιςοι
717 1179 801 1231 δ’
788 1203 885 1250 εμοι
913 1203 1008 1252 πεξι
1036 1181 1201 1232 πάντων
1229 1178 1366 1246 ἄλγε’
1397 1178 1552 1239 ἔθηκε·

308 1255 486 1313 Τόσσ8ς
515 1256 608 1327 γάξ
634 1278 712 1325 μοι
741 1254 915 1314 παῖδας
943 1254 1165 1307 ἀπέκτανε
1188 1255 1515 1315 τηλεθάοντας·

314 1403 394 1434 Ilios
409 1403 529 1434 excelsa
540 1403 608 1445 igni
622 1410 813 1435 cremaretur
828 1414 847 1434 a
861 1403 1012 1435 culmine.

310 1457 427 1497 Populi
443 1458 572 1499 quidem
587 1469 694 1489 senem
710 1458 761 1489 vix
777 1460 925 1489 tenebant
939 1457 1290 1500 dolore-indIgnantem,

317 1512 438 1552 Egredi
454 1513 633 1552 cupientem
650 1513 746 1551 portis
761 1512 946 1543 Dardaniis:

313 1566 436 1597 Omnes
450 1573 558 1597 autem
573 1567 838 1606 supplex-orabat,
855 1567 1038 1606 provolutus
1052 1567 1085 1597 in
1100 1567 1176 1603 luto,

227 1624 290 1652 415
314 1620 515 1651 Nominatim
531 1621 725 1660 compellans
739 1621 843 1652 virum
858 1631 1034 1662 quemque;

360 1682 378 1695 ⁴⁴
394 1676 567 1713 Abstinete,
584 1676 686 1713 amici,
703 1682 735 1707 et
749 1686 801 1707 me
815 1676 918 1707 solum
933 1676 1035 1712 sinite,
1052 1675 1165 1707 soliciti
1178 1675 1259 1711 licet,

316 1736 335 1749 ‘¹
349 1731 522 1771 Egressum
538 1732 615 1761 urbe
631 1730 676 1761 ire
690 1731 731 1762 ad
745 1741 843 1762 naves
858 1731 1073 1762 Achivorum:

315 1790 334 1804 “
351 1785 540 1824 Supplicabo
555 1786 622 1816 viro
636 1786 710 1816 huic
725 1786 909 1826 pernicioso,
922 1785 1214 1820 violentia-effraeni,

317 1843 333 1858 “
353 1839 385 1869 Si
401 1839 479 1870 forte
497 1846 621 1870 aetatem
636 1846 822 1876 revereatur,
837 1846 931 1881 atque
947 1840 1131 1870 misereatur

229 1899 293 1926 420
316 1901 334 1914 “
351 1895 543 1926 Senectutis:
571 1895 689 1926 etenim
703 1901 734 1926 et
749 1895 823 1926 huic
837 1901 924 1935 pater
940 1895 1010 1926 talis
1024 1900 1071 1926 est

316 1956 334 1970 “
350 1950 473 1987 Peleus,
490 1950 545 1991 qui
561 1951 666 1990 ipsum
681 1950 792 1991 genuit
806 1956 837 1981 et
852 1950 992 1986 nutrivit,
1015 1949 1186 1989 perniciem
1201 1948 1346 1980 futurum

312 2010 330 2024 ⁴⁴
345 2005 507 2046 Trojanis;
529 2005 667 2036 maxime
682 2010 789 2036 autem
802 2004 881 2035 mihi
897 2015 960 2044 prae
975 2005 1124 2035 omnibus
1138 2003 1262 2034 dolores
1275 2003 1362 2034 fecit:

318 2066 335 2080 “
350 2060 413 2091 Tot
425 2061 512 2091 enim
527 2060 606 2091 mihi
620 2060 701 2091 filios
715 2059 874 2091 interemit
889 2066 979 2090 aetate
994 2059 1151 2090 florentes:

357 2154 420 2181 414
444 2151 599 2193 ἒλιτοίνευε]
618 2150 670 2182 Id.

727 2153 789 2181 418
807 2150 939 2193 Λίσσομ’]
963 2150 1000 2181 F.
1020 2149 1060 2180 R.
1077 2149 1119 2179 A.
1136 2149 1169 2180 J.
1222 2147 1361 2190 λίσσωμ’]
1387 2146 1451 2178 vid.
1478 2152 1542 2178 not.
1588 2140 1670 2177 Ibid.

399 2207 548 2249 ὄμβριμον]
566 2207 638 2237 MS.
684 2210 746 2238 419
768 2206 886 2249 ἓλὲησῃ]
903 2220 919 2248 ῃ
932 2205 1028 2236 estin
1042 2205 1146 2235 litura.
1161 2203 1195 2234 in
1213 2203 1286 2234 MS.
1307 2202 1430 2234 videtur
1454 2201 1551 2233 fuisse
1576 2214 1606 2233 ει.
1632 2200 1672 2232 de

396 2262 458 2293 hac
472 2262 620 2292 varietate
634 2271 729 2301 supra
748 2265 817 2292 118.
863 2264 926 2292 425
942 2259 1110 2302 ἀπέκτεινε]
1128 2257 1212 2290 Edd.·
1226 2263 1339 2297 praeter
1355 2257 1393 2288 T.

162 2379 340 2410 ¹iectionem.
373 2381 532 2411 Caeterum
548 2380 656 2420 σμύχω
672 2385 703 2410 et
716 2379 828 2420 σμῆχω
840 2390 897 2409 sae-

164 2433 204 2462 pe
220 2423 252 2453 in
268 2423 353 2453 libris
368 2424 504 2465 antiquis
521 2423 768 2454 confunduntur.
815 2423 897 2463 Σμύ-

163 2480 250 2506 χοιτα
267 2477 375 2496 verum
391 2473 454 2505 est3
477 2467 516 2497 de
531 2467 621 2507 cujus
630 2466 715 2496 verbi
732 2465 760 2495 vi
771 2465 895 2506 elegan-

164 2515 211 2539 ter
226 2509 349 2540 disserit
366 2510 432 2541 Cel.
457 2512 629 2541 Hemslerlz.
646 2509 686 2539 ad
710 2509 841 2539 Lucian.
859 2509 898 2538 T.

167 2552 196 2583 Ι.
212 2563 242 2591 p.
256 2555 329 2583 551.
378 2555 457 2584 Ern.

210 2595 290 2626 Ibid.
308 2597 377 2627 κατ’
393 2597 433 2627 ἄιε
435 2610 482 2639 (3³⁷²
486 2595 598 2637 .]Vide
612 2606 670 2636 sup
672 2606 705 2626 ra
717 2595 757 2626 ad
773 2598 803 2626 0‘.
818 2598 890 2626 557.

208 2639 285 2669 Ver.
301 2642 374 2669 412.
389 2610 470 2678 μόλι,
463 2639 488 2680 ]
505 2641 556 2669 Al.
569 2640 665 2679 μόγις.
690 2640 794 2670 Clarlc·
819 2637 901 2668 Edd.

166 2692 277 2712 omnes
291 2682 493 2713 consentiunt
506 2682 539 2711 in
555 2683 625 2719 μόλι
627 2697 648 2717 ς.
696 2681 757 2712 Sed
772 2681 849 2711 olim
870 2691 902 2711 a-

165 2725 208 2755 lia
222 2725 366 2764 exempla
386 2725 503 2766 ubique
519 2726 613 2765 μᾶνγις,
631 2731 686 2755 aut
701 2726 785 2765 μόλις
801 2726 901 2754 habu·

165 2769 233 2804 isse,
251 2774 345 2808 prout
362 2768 609 2805 Grammaticus,
635 2780 653 2798 e
676 2768 767 2808 cujus
789 2778 897 2798 receu-

167 2813 255 2842 sione
277 2818 365 2848 esset,
396 2818 552 2846 statueret,
579 2821 672 2851 supra
702 2811 897 2842 monuimus-

168 2857 247 2886 Ενη.

210 2898 285 2929 Ver.
309 2901 380 2928 415.
397 2901 467 2928 432.
490 2898 637 2936 μεμαῶτα
653 2915 695 2922 —
721 2900 901 2938 zzz-meme?-

166 2955 212 2974 τας
224 2941 245 2983 ;]
262 2941 346 2972 Vide
361 2951 457 2981 supra
470 2940 512 2972 ad
529 2940 556 2972 ν’.
568 2944 619 2971 46.

986 2378 1061 2408 Ver.
1078 2381 1151 2408 416.
1160 2376 1380 2418 κηῖὅμενοίπερ,
1384 2374 1396 2417 ]
1411 2373 1490 2406 Cod.
1507 2374 1676 2405 Harleian.

943 2420 1091 2460 κηδῦμενόν
1106 2433 1167 2462 περ,

988 2465 1061 2495 Ver.
1088 2467 1160 2493 418.
1186 2463 1324 2501 Λισσομαιι
1348 2460 1449 2516 1οἰνὲξιιι]
1476 2461 1528 2490 ΑΙ.
1552 2458 1679 2498 Λῖσσωμ·

943 2511 976 2539 ἀν
981 2509 1034 2548 ἒ.ρα
1082 2508 1183 2537 Clavmlc
1227 2505 1354 2542 Α”σσωμ
1378 2504 1463 2546 ἀνέρα
1491 2504 1678 2534 Euseathius

943 2551 986 2581 ait
1001 2561 1033 2580 se
1049 2550 1082 2579 in
1099 2548 1261 2579 nonnullis
1275 2547 1505 2585 exemplaribus
1520 2544 1678 2585 reperisse.

945 2595 995 2624 Sic
1019 2593 1111 2632 plane
1134 2598 1181 2622 est
1207 2592 1239 2621 in
1268 2591 1341 2621 MS.
1363 2590 1424 2628 Lip
1426 2600 1448 2619 s.
1504 2587 1596 2619 Idem
1620 2593 1676 2623 est,

946 2636 1030 2677 quod
1045 2635 1115 2666 edd.
1143 2640 1214 2665 vett.
1237 2635 1353 2664 habent
1379 2631 1471 2674 (vid.
1481 2632 1557 2662 V.ar
1574 2630 1678 2671 Lect.)

946 2680 1061 2720 λισσομ’
1073 2679 1158 2721 ἀνέρα
1173 2688 1210 2708 ex
1227 2678 1265 2707 iis
1279 2687 1349 2717 quae
1364 2676 1448 2706 dicta
1461 2681 1536 2706 sunt
1550 2673 1591 2705 ad
1613 2682 1675 2703 ver.

947 2727 1019 2754 936.
1064 2723 1171 2762 Atque
1186 2722 1267 2751 hanc
1281 2719 1447 2750 lectionem
1473 2716 1610 2758 praetulit
1629 2715 1678 2747 cl.

950 2768 1162 2797 Valkenarius.
1214 2763 1275 2794 Sed
1290 2769 1321 2793 et
1331 2762 1469 2802 λίσσομαι
1461 2760 1676 2800 1fempotest,

943 2816 979 2840 ut
994 2810 1034 2839 sit
1055 2817 1189 2848 praesens
1221 2816 1278 2846 pro
1292 2806 1407 2841 futuro,
1425 2804 1466 2836 de
1496 2814 1560 2846 quo
1584 2811 1678 2841 supra

945 2853 986 2883 ad
1001 2854 1087 2882 hunc
1104 2851 1219 2881 librum
1237 2855 1381 2880 notatum
1404 2854 1457 2878 est.
1520 2847 1679 2878 Caeterum

945 2895 1065 2926 intellf
1061 2895 1105 2925 ι’ναι
1121 2895 1255 2934 λίσσωμ’
1266 2898 1302 2923 ut
1316 2892 1398 2923 infra
1408 2901 1469 2922 ver.
1486 2893 1557 2922 450.
1571 2887 1679 2927 &mam

945 2949 1002 2979 pro
1015 2940 1062 2970 lm
1075 2937 1191 2978 ἴδωμαι.
1236 2938 1316 2968 Ern-
