<?xml version="1.0" encoding="UTF-8"?>
<!DOCTYPE html PUBLIC "-//W3C//DTD XHTML 1.0 Transitional//EN"
    "http://www.w3.org/TR/xhtml1/DTD/xhtml1-transitional.dtd">
<html xmlns="http://www.w3.org/1999/xhtml" xml:lang="en" lang="en">
 <head>
  <title>
</title>
<meta http-equiv="Content-Type" content="text/html;charset=utf-8" />
  <meta name='ocr-system' content='tesseract 3.04.00' />
  <meta name='ocr-capabilities' content='ocr_page ocr_carea ocr_par ocr_line ocrx_word'/>
</head>
<body>
  <div class='ocr_page' id='page_1' title='image "./operaomnia02home/operaomnia02home_0531.png"; bbox 0 0 1737 3163; ppageno 0'>
   <div class='ocr_carea' id='block_1_1' title="bbox 614 187 1560 238">
    <p class='ocr_par' dir='ltr' id='par_1_1' title="bbox 614 187 1560 238">
     <span class='ocr_line' id='line_1_1' title="bbox 614 187 1560 238; baseline -0.002 0"><span class='ocrx_word' id='word_1_1' title='bbox 614 190 920 238; x_wconf 83' lang='grc' dir='ltr'><strong>ἸΛΙΑΔΟΣ</strong></span> <span class='ocrx_word' id='word_1_2' title='bbox 966 187 1039 238; x_wconf 88' lang='grc' dir='ltr'>Χ’.</span> <span class='ocrx_word' id='word_1_3' title='bbox 1454 187 1560 236; x_wconf 83' lang='grc'>515</span> 
     </span>
    </p>
   </div>
   <div class='ocr_carea' id='block_1_2' title="bbox 66 331 1421 850">
    <p class='ocr_par' dir='ltr' id='par_1_2' title="bbox 220 331 1217 404">
     <span class='ocr_line' id='line_1_2' title="bbox 220 331 1217 404; baseline -0.013 -11"><span class='ocrx_word' id='word_1_4' title='bbox 220 343 371 392; x_wconf 74' lang='grc' dir='ltr'><em>Δῶκεν</em></span> <span class='ocrx_word' id='word_1_5' title='bbox 397 337 713 390; x_wconf 73' lang='grc' dir='ltr'>ἀεικίσσασθαι</span> <span class='ocrx_word' id='word_1_6' title='bbox 741 334 788 404; x_wconf 72' lang='grc' dir='ltr'><strong><em>ἓῇ</em></strong></span> <span class='ocrx_word' id='word_1_7' title='bbox 816 334 853 382; x_wconf 75' lang='grc' dir='ltr'>ἐν</span> <span class='ocrx_word' id='word_1_8' title='bbox 879 332 1059 403; x_wconf 68' lang='grc' dir='ltr'><em>πατξῖὃι</em></span> <span class='ocrx_word' id='word_1_9' title='bbox 1089 331 1217 402; x_wconf 72' lang='grc' dir='ltr'><em>γαίῃ·</em></span> 
     </span>
    </p>

    <p class='ocr_par' dir='ltr' id='par_1_3' title="bbox 72 404 1421 775">
     <span class='ocr_line' id='line_1_3' title="bbox 72 404 1385 480; baseline -0.01 -14"><span class='ocrx_word' id='word_1_10' title='bbox 72 418 178 468; x_wconf 77' lang='lat'>405</span> <span class='ocrx_word' id='word_1_11' title='bbox 208 413 308 472; x_wconf 58' lang='grc' dir='ltr'>“Ως</span> <span class='ocrx_word' id='word_1_12' title='bbox 336 416 390 464; x_wconf 56' lang='lat' dir='ltr'>et&amp;</span> <span class='ocrx_word' id='word_1_13' title='bbox 414 411 494 480; x_wconf 62' lang='grc' dir='ltr'><em>μὲν</em></span> <span class='ocrx_word' id='word_1_14' title='bbox 520 408 710 460; x_wconf 76' lang='grc' dir='ltr'>κεκόνιτο</span> <span class='ocrx_word' id='word_1_15' title='bbox 739 408 852 478; x_wconf 69' lang='grc' dir='ltr'>κάξη</span> <span class='ocrx_word' id='word_1_16' title='bbox 880 405 1015 456; x_wconf 68' lang='grc' dir='ltr'><em>ἅπαν·</em></span> <span class='ocrx_word' id='word_1_17' title='bbox 1046 408 1068 462; x_wconf 71' lang='grc' dir='ltr'>ἡ</span> <span class='ocrx_word' id='word_1_18' title='bbox 1099 404 1141 456; x_wconf 70' lang='grc' dir='ltr'>δέ</span> <span class='ocrx_word' id='word_1_19' title='bbox 1174 429 1216 455; x_wconf 83' lang='grc' dir='ltr'>νυ</span> <span class='ocrx_word' id='word_1_20' title='bbox 1242 406 1385 476; x_wconf 52' lang='lat' dir='ltr'>peirn?</span> 
     </span>
     <span class='ocr_line' id='line_1_4' title="bbox 217 478 1421 553; baseline -0.009 -14"><span class='ocrx_word' id='word_1_21' title='bbox 217 488 364 539; x_wconf 75' lang='grc' dir='ltr'><em>Τίλλε</em></span> <span class='ocrx_word' id='word_1_22' title='bbox 393 484 545 553; x_wconf 76' lang='grc' dir='ltr'><em>κόμην,</em></span> <span class='ocrx_word' id='word_1_23' title='bbox 573 481 667 533; x_wconf 68' lang='grc' dir='ltr'>ἀπὸ</span> <span class='ocrx_word' id='word_1_24' title='bbox 696 480 739 532; x_wconf 63' lang='grc' dir='ltr'>δὲ</span> <span class='ocrx_word' id='word_1_25' title='bbox 762 480 949 551; x_wconf 68' lang='grc' dir='ltr'><em>λιπαξὴν</em></span> <span class='ocrx_word' id='word_1_26' title='bbox 976 479 1135 549; x_wconf 64' lang='grc' dir='ltr'>’έρριψε</span> <span class='ocrx_word' id='word_1_27' title='bbox 1164 478 1421 549; x_wconf 71' lang='grc' dir='ltr'><em>καλύπτξην</em></span> 
     </span>
     <span class='ocr_line' id='line_1_5' title="bbox 214 552 1415 623; baseline -0.008 -12"><span class='ocrx_word' id='word_1_28' title='bbox 214 559 408 618; x_wconf 83' lang='grc' dir='ltr'><em>Τηλόσε·</em></span> <span class='ocrx_word' id='word_1_29' title='bbox 434 559 623 609; x_wconf 70' lang='grc' dir='ltr'><em>κώκυσεν</em></span> <span class='ocrx_word' id='word_1_30' title='bbox 644 555 688 607; x_wconf 69' lang='grc' dir='ltr'>δὲ</span> <span class='ocrx_word' id='word_1_31' title='bbox 715 557 859 623; x_wconf 74' lang='grc' dir='ltr'>μάλα</span> <span class='ocrx_word' id='word_1_32' title='bbox 884 553 1030 623; x_wconf 71' lang='grc' dir='ltr'><em>μέγα,</em></span> <span class='ocrx_word' id='word_1_33' title='bbox 1057 552 1185 604; x_wconf 73' lang='grc' dir='ltr'><em>παῖδ’</em></span> <span class='ocrx_word' id='word_1_34' title='bbox 1213 553 1415 605; x_wconf 54' lang='lat' dir='ltr'>{mogo-a.</span> 
     </span>
     <span class='ocr_line' id='line_1_6' title="bbox 206 627 1403 702; baseline -0.007 -17"><span class='ocrx_word' id='word_1_35' title='bbox 206 632 435 702; x_wconf 78' lang='grc' dir='ltr'><em>”Ωιμωξεν</em></span> <span class='ocrx_word' id='word_1_36' title='bbox 464 632 501 683; x_wconf 77' lang='grc' dir='ltr'>δ’</span> <span class='ocrx_word' id='word_1_37' title='bbox 532 631 698 682; x_wconf 72' lang='grc' dir='ltr'><em>ἐλεεινὰ.</em></span> <span class='ocrx_word' id='word_1_38' title='bbox 724 629 869 699; x_wconf 63' lang='grc' dir='ltr'><em>παν-ἦς</em></span> <span class='ocrx_word' id='word_1_39' title='bbox 897 629 1043 693; x_wconf 77' lang='grc' dir='ltr'><em>φίλος,</em></span> <span class='ocrx_word' id='word_1_40' title='bbox 1071 628 1194 695; x_wconf 72' lang='grc' dir='ltr'>ἀμφὶ</span> <span class='ocrx_word' id='word_1_41' title='bbox 1225 627 1268 679; x_wconf 64' lang='grc' dir='ltr'>δὲ</span> <span class='ocrx_word' id='word_1_42' title='bbox 1298 627 1403 678; x_wconf 70' lang='grc' dir='ltr'><em>λαοὶ</em></span> 
     </span>
     <span class='ocr_line' id='line_1_7' title="bbox 215 700 1289 775; baseline -0.007 -17"><span class='ocrx_word' id='word_1_43' title='bbox 215 711 409 775; x_wconf 73' lang='grc' dir='ltr'><em>Κωκυτῷ</em></span> <span class='ocrx_word' id='word_1_44' title='bbox 435 708 471 756; x_wconf 73' lang='grc' dir='ltr'>τ’</span> <span class='ocrx_word' id='word_1_45' title='bbox 503 705 691 775; x_wconf 70' lang='grc' dir='ltr'><em>εἴχοντο,</em></span> <span class='ocrx_word' id='word_1_46' title='bbox 718 704 797 754; x_wconf 70' lang='grc' dir='ltr'>καὶ</span> <span class='ocrx_word' id='word_1_47' title='bbox 825 705 998 773; x_wconf 68' lang='grc' dir='ltr'><em>οἰμωγῇ</em></span> <span class='ocrx_word' id='word_1_48' title='bbox 1026 702 1151 751; x_wconf 74' lang='grc' dir='ltr'><em>κατὰ</em></span> <span class='ocrx_word' id='word_1_49' title='bbox 1179 700 1289 756; x_wconf 73' lang='grc' dir='ltr'><em>οἵςυ·</em></span> 
     </span>
    </p>

    <p class='ocr_par' dir='ltr' id='par_1_4' title="bbox 66 774 1378 850">
     <span class='ocr_line' id='line_1_8' title="bbox 66 774 1378 850; baseline -0.008 -16"><span class='ocrx_word' id='word_1_50' title='bbox 66 786 175 834; x_wconf 85' lang='grc'>410</span> <span class='ocrx_word' id='word_1_51' title='bbox 213 784 291 849; x_wconf 69' lang='grc' dir='ltr'>Τῷ</span> <span class='ocrx_word' id='word_1_52' title='bbox 320 781 365 832; x_wconf 64' lang='grc' dir='ltr'>δὲ</span> <span class='ocrx_word' id='word_1_53' title='bbox 391 781 555 850; x_wconf 49' lang='lat' dir='ltr'>(admi</span> <span class='ocrx_word' id='word_1_54' title='bbox 586 777 653 850; x_wconf 67' lang='grc' dir='ltr'>εἴς’</span> <span class='ocrx_word' id='word_1_55' title='bbox 684 777 748 836; x_wconf 78' lang='grc' dir='ltr'><em>’έην</em></span> <span class='ocrx_word' id='word_1_56' title='bbox 775 776 1041 840; x_wconf 72' lang='grc' dir='ltr'>ἐναλίγκιον,</span> <span class='ocrx_word' id='word_1_57' title='bbox 1069 776 1119 832; x_wconf 73' lang='grc' dir='ltr'>ὦς</span> <span class='ocrx_word' id='word_1_58' title='bbox 1149 778 1183 826; x_wconf 75' lang='grc' dir='ltr'>εἰ</span> <span class='ocrx_word' id='word_1_59' title='bbox 1211 774 1378 825; x_wconf 70' lang='grc' dir='ltr'><em>ἅπασα</em></span> 
     </span>
    </p>
   </div>
   <div class='ocr_carea' id='block_1_3' title="bbox 131 925 1394 1025">
    <p class='ocr_par' dir='ltr' id='par_1_5' title="bbox 131 925 1394 1025">
     <span class='ocr_line' id='line_1_9' title="bbox 216 925 987 969; baseline -0.01 -8"><span class='ocrx_word' id='word_1_60' title='bbox 216 930 354 962; x_wconf 84' lang='lat' dir='ltr'><strong>Dederat</strong></span> <span class='ocrx_word' id='word_1_61' title='bbox 368 928 599 969; x_wconf 83' lang='lat' dir='ltr'>deturpandum</span> <span class='ocrx_word' id='word_1_62' title='bbox 614 927 712 967; x_wconf 85' lang='lat' dir='ltr'>ipsius</span> <span class='ocrx_word' id='word_1_63' title='bbox 725 926 759 956; x_wconf 92' lang='lat' dir='ltr'>in</span> <span class='ocrx_word' id='word_1_64' title='bbox 775 925 875 965; x_wconf 85' lang='lat' dir='ltr'>patria</span> <span class='ocrx_word' id='word_1_65' title='bbox 889 930 987 955; x_wconf 87' lang='lat' dir='ltr'>terra:</span> 
     </span>
     <span class='ocr_line' id='line_1_10' title="bbox 131 980 1394 1025; baseline -0.01 -8"><span class='ocrx_word' id='word_1_66' title='bbox 131 988 193 1017; x_wconf 78' lang='lat'>405</span> <span class='ocrx_word' id='word_1_67' title='bbox 217 985 268 1016; x_wconf 90' lang='lat' dir='ltr'>Sic</span> <span class='ocrx_word' id='word_1_68' title='bbox 283 985 378 1025; x_wconf 88' lang='lat' dir='ltr'>hujus</span> <span class='ocrx_word' id='word_1_69' title='bbox 394 984 522 1025; x_wconf 86' lang='lat' dir='ltr'>quidem</span> <span class='ocrx_word' id='word_1_70' title='bbox 544 982 670 1023; x_wconf 86' lang='lat' dir='ltr'>pulvere</span> <span class='ocrx_word' id='word_1_71' title='bbox 685 980 858 1011; x_wconf 85' lang='lat' dir='ltr'>foedabatur</span> <span class='ocrx_word' id='word_1_72' title='bbox 873 985 966 1018; x_wconf 86' lang='lat' dir='ltr'>caput</span> <span class='ocrx_word' id='word_1_73' title='bbox 980 984 1095 1008; x_wconf 77' lang='lat' dir='ltr'>totum:</span> <span class='ocrx_word' id='word_1_74' title='bbox 1123 983 1192 1008; x_wconf 91' lang='lat' dir='ltr'>tum</span> <span class='ocrx_word' id='word_1_75' title='bbox 1208 985 1280 1007; x_wconf 86' lang='lat' dir='ltr'>vero</span> <span class='ocrx_word' id='word_1_76' title='bbox 1295 981 1394 1006; x_wconf 83' lang='lat' dir='ltr'>mater</span> 
     </span>
    </p>
   </div>
   <div class='ocr_carea' id='block_1_4' title="bbox 214 1033 1274 1134">
    <p class='ocr_par' dir='ltr' id='par_1_6' title="bbox 214 1033 1274 1134">
     <span class='ocr_line' id='line_1_11' title="bbox 215 1033 986 1076; baseline -0.009 -6"><span class='ocrx_word' id='word_1_77' title='bbox 215 1039 378 1070; x_wconf 86' lang='lat' dir='ltr'>Evellebat</span> <span class='ocrx_word' id='word_1_78' title='bbox 393 1048 524 1074; x_wconf 86' lang='lat' dir='ltr'>comam,</span> <span class='ocrx_word' id='word_1_79' title='bbox 541 1036 739 1076; x_wconf 87' lang='lat' dir='ltr'>nitidumque</span> <span class='ocrx_word' id='word_1_80' title='bbox 755 1034 866 1074; x_wconf 87' lang='lat' dir='ltr'>abjecit</span> <span class='ocrx_word' id='word_1_81' title='bbox 880 1033 986 1064; x_wconf 90' lang='lat' dir='ltr'>velum</span> 
     </span>
     <span class='ocr_line' id='line_1_12' title="bbox 214 1085 1274 1134; baseline -0.01 -9"><span class='ocrx_word' id='word_1_82' title='bbox 214 1094 348 1125; x_wconf 88' lang='lat' dir='ltr'>Procul:</span> <span class='ocrx_word' id='word_1_83' title='bbox 376 1093 593 1134; x_wconf 87' lang='lat' dir='ltr'>ejulatumque</span> <span class='ocrx_word' id='word_1_84' title='bbox 609 1090 706 1120; x_wconf 87' lang='lat' dir='ltr'><strong>edidit</strong></span> <span class='ocrx_word' id='word_1_85' title='bbox 720 1088 894 1119; x_wconf 81' lang='lat' dir='ltr'><strong>admodum</strong></span> <span class='ocrx_word' id='word_1_86' title='bbox 909 1087 1017 1122; x_wconf 88' lang='lat' dir='ltr'>altum,</span> <span class='ocrx_word' id='word_1_87' title='bbox 1035 1086 1136 1116; x_wconf 90' lang='lat' dir='ltr'>filium</span> <span class='ocrx_word' id='word_1_88' title='bbox 1152 1085 1274 1115; x_wconf 81' lang='lat' dir='ltr'>intuita.</span> 
     </span>
    </p>
   </div>
   <div class='ocr_carea' id='block_1_5' title="bbox 127 1139 1310 1288">
    <p class='ocr_par' dir='ltr' id='par_1_7' title="bbox 127 1139 1310 1288">
     <span class='ocr_line' id='line_1_13' title="bbox 213 1139 1310 1183; baseline -0.009 -4"><span class='ocrx_word' id='word_1_89' title='bbox 213 1148 460 1180; x_wconf 87' lang='lat' dir='ltr'>Lamentabatur</span> <span class='ocrx_word' id='word_1_90' title='bbox 474 1145 691 1177; x_wconf 84' lang='lat' dir='ltr'>miserabiliter</span> <span class='ocrx_word' id='word_1_91' title='bbox 706 1151 737 1174; x_wconf 91' lang='lat' dir='ltr'>et</span> <span class='ocrx_word' id='word_1_92' title='bbox 751 1149 836 1183; x_wconf 88' lang='lat' dir='ltr'>pater</span> <span class='ocrx_word' id='word_1_93' title='bbox 851 1142 990 1177; x_wconf 83' lang='lat' dir='ltr'>dilectus,</span> <span class='ocrx_word' id='word_1_94' title='bbox 1007 1141 1187 1182; x_wconf 89' lang='lat' dir='ltr'>circumque</span> <span class='ocrx_word' id='word_1_95' title='bbox 1203 1139 1310 1181; x_wconf 86' lang='lat' dir='ltr'>populi</span> 
     </span>
     <span class='ocr_line' id='line_1_14' title="bbox 213 1197 1033 1243; baseline -0.009 -10"><span class='ocrx_word' id='word_1_96' title='bbox 213 1202 407 1243; x_wconf 83' lang='lat' dir='ltr'>Ejulatuque</span> <span class='ocrx_word' id='word_1_97' title='bbox 421 1203 614 1235; x_wconf 88' lang='lat' dir='ltr'>tenebantur⁷</span> <span class='ocrx_word' id='word_1_98' title='bbox 632 1205 662 1229; x_wconf 88' lang='lat' dir='ltr'>et</span> <span class='ocrx_word' id='word_1_99' title='bbox 677 1197 823 1230; x_wconf 84' lang='lat' dir='ltr'>lamentis</span> <span class='ocrx_word' id='word_1_100' title='bbox 837 1207 893 1236; x_wconf 91' lang='lat' dir='ltr'>per</span> <span class='ocrx_word' id='word_1_101' title='bbox 909 1198 1033 1227; x_wconf 90' lang='lat' dir='ltr'>urbem:</span> 
     </span>
     <span class='ocr_line' id='line_1_15' title="bbox 127 1251 948 1288; baseline -0.007 -2"><span class='ocrx_word' id='word_1_102' title='bbox 127 1259 189 1288; x_wconf 78' lang='lat'>410</span> <span class='ocrx_word' id='word_1_103' title='bbox 212 1257 300 1287; x_wconf 89' lang='lat' dir='ltr'>Huic</span> <span class='ocrx_word' id='word_1_104' title='bbox 314 1263 420 1287; x_wconf 82' lang='lat' dir='ltr'>autem</span> <span class='ocrx_word' id='word_1_105' title='bbox 436 1255 572 1286; x_wconf 77' lang='lat' dir='ltr'>maxime</span> <span class='ocrx_word' id='word_1_106' title='bbox 587 1260 652 1284; x_wconf 90' lang='lat' dir='ltr'>erat</span> <span class='ocrx_word' id='word_1_107' title='bbox 666 1252 776 1287; x_wconf 79' lang='lat' dir='ltr'>simile,</span> <span class='ocrx_word' id='word_1_108' title='bbox 793 1262 828 1281; x_wconf 92' lang='lat' dir='ltr'>ac</span> <span class='ocrx_word' id='word_1_109' title='bbox 841 1251 866 1281; x_wconf 87' lang='lat' dir='ltr'>si</span> <span class='ocrx_word' id='word_1_110' title='bbox 882 1256 948 1281; x_wconf 82' lang='lat' dir='ltr'>tota</span> 
     </span>
    </p>
   </div>
   <div class='ocr_carea' id='block_1_6' title="bbox 297 1340 1129 1387">
    <p class='ocr_par' dir='ltr' id='par_1_8' title="bbox 297 1340 1129 1387">
     <span class='ocr_line' id='line_1_16' title="bbox 297 1340 1129 1387; baseline -0.011 -9"><span class='ocrx_word' id='word_1_111' title='bbox 297 1346 487 1387; x_wconf 67' lang='grc' dir='ltr'><em>πίμπλαντο]</em></span> <span class='ocrx_word' id='word_1_112' title='bbox 505 1346 538 1375; x_wconf 88' lang='lat' dir='ltr'>F.</span> <span class='ocrx_word' id='word_1_113' title='bbox 556 1345 594 1374; x_wconf 91' lang='lat' dir='ltr'>R.</span> <span class='ocrx_word' id='word_1_114' title='bbox 612 1344 652 1373; x_wconf 87' lang='lat' dir='ltr'>A.</span> <span class='ocrx_word' id='word_1_115' title='bbox 669 1346 696 1372; x_wconf 88' lang='lat'>1.</span> <span class='ocrx_word' id='word_1_116' title='bbox 740 1344 803 1371; x_wconf 78' lang='lat'>405</span> <span class='ocrx_word' id='word_1_117' title='bbox 825 1340 941 1383; x_wconf 68' lang='grc' dir='ltr'><em>χάριεν]</em></span> <span class='ocrx_word' id='word_1_118' title='bbox 969 1341 1004 1370; x_wconf 82' lang='lat' dir='ltr'>F.</span> <span class='ocrx_word' id='word_1_119' title='bbox 1032 1342 1072 1370; x_wconf 85' lang='lat' dir='ltr'>A.</span> <span class='ocrx_word' id='word_1_120' title='bbox 1102 1343 1129 1369; x_wconf 88' lang='lat'>1.</span> 
     </span>
    </p>
   </div>
   <div class='ocr_carea' id='block_1_7' title="bbox 1181 1340 1561 1383">
    <p class='ocr_par' dir='ltr' id='par_1_9' title="bbox 1181 1340 1561 1383">
     <span class='ocr_line' id='line_1_17' title="bbox 1181 1340 1561 1383; baseline 0.011 -14"><span class='ocrx_word' id='word_1_121' title='bbox 1181 1344 1243 1370; x_wconf 76' lang='lat'>406</span> <span class='ocrx_word' id='word_1_122' title='bbox 1268 1340 1460 1383; x_wconf 66' lang='grc' dir='ltr'><em>καλύπτξαν]</em></span> <span class='ocrx_word' id='word_1_123' title='bbox 1489 1342 1526 1372; x_wconf 89' lang='lat' dir='ltr'>M</span> <span class='ocrx_word' id='word_1_124' title='bbox 1531 1342 1561 1374; x_wconf 86' lang='lat' dir='ltr'>S.</span> 
     </span>
    </p>
   </div>
   <div class='ocr_carea' id='block_1_8' title="bbox 298 1394 1566 1494">
    <p class='ocr_par' dir='ltr' id='par_1_10' title="bbox 298 1394 1566 1494">
     <span class='ocr_line' id='line_1_18' title="bbox 298 1394 1566 1438; baseline -0.003 -8"><span class='ocrx_word' id='word_1_125' title='bbox 298 1400 388 1430; x_wconf 87' lang='lat' dir='ltr'>male.</span> <span class='ocrx_word' id='word_1_126' title='bbox 433 1403 496 1429; x_wconf 86' lang='lat'>410</span> <span class='ocrx_word' id='word_1_127' title='bbox 517 1399 620 1436; x_wconf 76' lang='grc' dir='ltr'><em>μάλις’</em></span> <span class='ocrx_word' id='word_1_128' title='bbox 649 1397 692 1427; x_wconf 74' lang='grc' dir='ltr'>ἀεὶ</span> <span class='ocrx_word' id='word_1_129' title='bbox 716 1394 891 1436; x_wconf 72' lang='grc' dir='ltr'>ἐναλίγκιον]</span> <span class='ocrx_word' id='word_1_130' title='bbox 920 1394 969 1425; x_wconf 76' lang='lat' dir='ltr'>Id.</span> <span class='ocrx_word' id='word_1_131' title='bbox 995 1403 1166 1434; x_wconf 85' lang='lat' dir='ltr'>perperam.</span> <span class='ocrx_word' id='word_1_132' title='bbox 1211 1397 1270 1424; x_wconf 78' lang='lat'>411</span> <span class='ocrx_word' id='word_1_133' title='bbox 1300 1395 1467 1438; x_wconf 69' lang='grc' dir='ltr'><em>σμῆχαιτο]</em></span> <span class='ocrx_word' id='word_1_134' title='bbox 1484 1396 1566 1428; x_wconf 86' lang='lat' dir='ltr'><strong>Edd.</strong></span> 
     </span>
     <span class='ocr_line' id='line_1_19' title="bbox 298 1449 942 1494; baseline -0.009 -10"><span class='ocrx_word' id='word_1_135' title='bbox 298 1461 408 1494; x_wconf 84' lang='lat' dir='ltr'>praeter</span> <span class='ocrx_word' id='word_1_136' title='bbox 425 1453 467 1483; x_wconf 83' lang='lat' dir='ltr'>R.</span> <span class='ocrx_word' id='word_1_137' title='bbox 482 1452 572 1483; x_wconf 91' lang='lat' dir='ltr'>male.</span> <span class='ocrx_word' id='word_1_138' title='bbox 589 1451 644 1481; x_wconf 85' lang='lat' dir='ltr'>sed</span> <span class='ocrx_word' id='word_1_139' title='bbox 659 1449 773 1480; x_wconf 83' lang='lat' dir='ltr'>usitata</span> <span class='ocrx_word' id='word_1_140' title='bbox 787 1449 942 1479; x_wconf 80' lang='lat' dir='ltr'>varietate.</span> 
     </span>
    </p>
   </div>
   <div class='ocr_carea' id='block_1_9' title="bbox 63 1573 794 2386">
    <p class='ocr_par' dir='ltr' id='par_1_11' title="bbox 63 1573 794 2386">
     <span class='ocr_line' id='line_1_20' title="bbox 64 1573 790 1617; baseline -0.006 -13"><span class='ocrx_word' id='word_1_141' title='bbox 64 1574 190 1617; x_wconf 61' lang='lat' dir='ltr'>obem-ro.</span> <span class='ocrx_word' id='word_1_142' title='bbox 235 1575 334 1605; x_wconf 76' lang='lat' dir='ltr'>Clark.</span> <span class='ocrx_word' id='word_1_143' title='bbox 379 1573 491 1614; x_wconf 83' lang='lat' dir='ltr'>Neque</span> <span class='ocrx_word' id='word_1_144' title='bbox 510 1574 664 1607; x_wconf 68' lang='grc' dir='ltr'><em>πίλναντο,</em></span> <span class='ocrx_word' id='word_1_145' title='bbox 689 1581 790 1611; x_wconf 86' lang='lat' dir='ltr'>neque</span> 
     </span>
     <span class='ocr_line' id='line_1_21' title="bbox 65 1616 791 1656; baseline -0.006 -9"><span class='ocrx_word' id='word_1_146' title='bbox 65 1617 242 1656; x_wconf 63' lang='grc' dir='ltr'><em>πίμπλαντο</em></span> <span class='ocrx_word' id='word_1_147' title='bbox 256 1616 356 1655; x_wconf 82' lang='lat' dir='ltr'>placet</span> <span class='ocrx_word' id='word_1_148' title='bbox 370 1617 434 1647; x_wconf 88' lang='lat' dir='ltr'>Cel.</span> <span class='ocrx_word' id='word_1_149' title='bbox 469 1618 656 1647; x_wconf 70' lang='lat' dir='ltr'>Vallcenario.</span> <span class='ocrx_word' id='word_1_150' title='bbox 685 1616 791 1644; x_wconf 88' lang='lat' dir='ltr'>Recte.</span> 
     </span>
     <span class='ocr_line' id='line_1_22' title="bbox 66 1658 791 1690; baseline -0.004 -1"><span class='ocrx_word' id='word_1_151' title='bbox 66 1659 134 1689; x_wconf 88' lang='lat' dir='ltr'>Nec</span> <span class='ocrx_word' id='word_1_152' title='bbox 160 1659 244 1689; x_wconf 84' lang='lat' dir='ltr'>enirn</span> <span class='ocrx_word' id='word_1_153' title='bbox 268 1670 394 1690; x_wconf 84' lang='lat' dir='ltr'>sensum</span> <span class='ocrx_word' id='word_1_154' title='bbox 414 1659 616 1690; x_wconf 89' lang='lat' dir='ltr'>commodum</span> <span class='ocrx_word' id='word_1_155' title='bbox 643 1658 791 1688; x_wconf 82' lang='lat' dir='ltr'>fundunt.</span> 
     </span>
     <span class='ocr_line' id='line_1_23' title="bbox 67 1700 790 1742; baseline -0.003 -11"><span class='ocrx_word' id='word_1_156' title='bbox 67 1701 154 1737; x_wconf 84' lang='lat' dir='ltr'>Quid</span> <span class='ocrx_word' id='word_1_157' title='bbox 175 1711 232 1740; x_wconf 87' lang='lat' dir='ltr'>pro</span> <span class='ocrx_word' id='word_1_158' title='bbox 255 1702 293 1732; x_wconf 85' lang='lat' dir='ltr'>iis</span> <span class='ocrx_word' id='word_1_159' title='bbox 317 1702 533 1742; x_wconf 82' lang='lat' dir='ltr'>reponendum</span> <span class='ocrx_word' id='word_1_160' title='bbox 561 1702 608 1737; x_wconf 82' lang='lat' dir='ltr'>sit,</span> <span class='ocrx_word' id='word_1_161' title='bbox 633 1700 790 1741; x_wconf 89' lang='lat' dir='ltr'>quaeritur.</span> 
     </span>
     <span class='ocr_line' id='line_1_24' title="bbox 65 1743 792 1786; baseline -0.003 -12"><span class='ocrx_word' id='word_1_162' title='bbox 65 1744 174 1775; x_wconf 89' lang='lat' dir='ltr'>Placet</span> <span class='ocrx_word' id='word_1_163' title='bbox 188 1745 217 1774; x_wconf 87' lang='lat' dir='ltr'>ei</span> <span class='ocrx_word' id='word_1_164' title='bbox 231 1745 335 1783; x_wconf 84' lang='lat' dir='ltr'>lectio,</span> <span class='ocrx_word' id='word_1_165' title='bbox 349 1756 443 1786; x_wconf 91' lang='lat' dir='ltr'>quam</span> <span class='ocrx_word' id='word_1_166' title='bbox 459 1755 476 1775; x_wconf 90' lang='lat' dir='ltr'>e</span> <span class='ocrx_word' id='word_1_167' title='bbox 492 1747 594 1775; x_wconf 86' lang='lat' dir='ltr'>Dione</span> <span class='ocrx_word' id='word_1_168' title='bbox 619 1746 722 1784; x_wconf 75' lang='lat' dir='ltr'>Chrys.</span> <span class='ocrx_word' id='word_1_169' title='bbox 748 1743 792 1772; x_wconf 89' lang='lat' dir='ltr'>ita</span> 
     </span>
     <span class='ocr_line' id='line_1_25' title="bbox 65 1787 790 1829; baseline -0.004 -12"><span class='ocrx_word' id='word_1_170' title='bbox 65 1794 288 1818; x_wconf 85' lang='lat' dir='ltr'>commemorat</span> <span class='ocrx_word' id='word_1_171' title='bbox 317 1791 419 1829; x_wconf 82' lang='lat' dir='ltr'>Synes.</span> <span class='ocrx_word' id='word_1_172' title='bbox 450 1787 548 1818; x_wconf 90' lang='lat' dir='ltr'><strong>Laud.</strong></span> <span class='ocrx_word' id='word_1_173' title='bbox 577 1787 662 1818; x_wconf 87' lang='lat' dir='ltr'>Calv.</span> <span class='ocrx_word' id='word_1_174' title='bbox 685 1797 715 1825; x_wconf 90' lang='lat' dir='ltr'>p.</span> <span class='ocrx_word' id='word_1_175' title='bbox 741 1789 790 1815; x_wconf 76' lang='grc'>82.</span> 
     </span>
     <span class='ocr_line' id='line_1_26' title="bbox 65 1831 789 1870; baseline -0.003 -10"><span class='ocrx_word' id='word_1_176' title='bbox 65 1836 102 1860; x_wconf 88' lang='lat' dir='ltr'>ut</span> <span class='ocrx_word' id='word_1_177' title='bbox 130 1840 200 1861; x_wconf 87' lang='lat' dir='ltr'>eam</span> <span class='ocrx_word' id='word_1_178' title='bbox 235 1831 319 1870; x_wconf 86' lang='lat' dir='ltr'>apud</span> <span class='ocrx_word' id='word_1_179' title='bbox 358 1833 526 1862; x_wconf 81' lang='lat' dir='ltr'>Homerum</span> <span class='ocrx_word' id='word_1_180' title='bbox 552 1835 656 1860; x_wconf 86' lang='lat' dir='ltr'>extare</span> <span class='ocrx_word' id='word_1_181' title='bbox 685 1835 789 1869; x_wconf 87' lang='lat' dir='ltr'>neget:</span> 
     </span>
     <span class='ocr_line' id='line_1_27' title="bbox 63 1874 789 1914; baseline -0.001 -12"><span class='ocrx_word' id='word_1_182' title='bbox 63 1883 161 1913; x_wconf 86' lang='lat' dir='ltr'>quam</span> <span class='ocrx_word' id='word_1_183' title='bbox 176 1878 207 1903; x_wconf 89' lang='lat' dir='ltr'>et</span> <span class='ocrx_word' id='word_1_184' title='bbox 222 1875 364 1905; x_wconf 81' lang='lat' dir='ltr'>Petavius</span> <span class='ocrx_word' id='word_1_185' title='bbox 387 1874 427 1904; x_wconf 88' lang='lat' dir='ltr'>ad</span> <span class='ocrx_word' id='word_1_186' title='bbox 452 1876 554 1914; x_wconf 80' lang='lat' dir='ltr'>Synes.</span> <span class='ocrx_word' id='word_1_187' title='bbox 580 1874 701 1912; x_wconf 88' lang='lat' dir='ltr'>probat:</span> <span class='ocrx_word' id='word_1_188' title='bbox 721 1881 789 1901; x_wconf 88' lang='lat' dir='ltr'>ma-</span> 
     </span>
     <span class='ocr_line' id='line_1_28' title="bbox 65 1915 790 1958; baseline -0.001 -13"><span class='ocrx_word' id='word_1_189' title='bbox 65 1915 103 1945; x_wconf 88' lang='lat' dir='ltr'>lit</span> <span class='ocrx_word' id='word_1_190' title='bbox 119 1922 223 1946; x_wconf 80' lang='lat' dir='ltr'>tamen</span> <span class='ocrx_word' id='word_1_191' title='bbox 240 1917 399 1958; x_wconf 68' lang='grc' dir='ltr'><em>πεφόρυντο,</em></span> <span class='ocrx_word' id='word_1_192' title='bbox 423 1927 519 1956; x_wconf 82' lang='lat' dir='ltr'>quam</span> <span class='ocrx_word' id='word_1_193' title='bbox 541 1916 703 1958; x_wconf 64' lang='grc' dir='ltr'><em>τεφόρηντο,</em></span> <span class='ocrx_word' id='word_1_194' title='bbox 728 1915 748 1944; x_wconf 76' lang='lat' dir='ltr'>i.</span> <span class='ocrx_word' id='word_1_195' title='bbox 764 1925 790 1944; x_wconf 91' lang='lat' dir='ltr'>e.</span> 
     </span>
     <span class='ocr_line' id='line_1_29' title="bbox 65 1958 790 1999; baseline -0.001 -11"><span class='ocrx_word' id='word_1_196' title='bbox 65 1960 224 1998; x_wconf 79' lang='lat' dir='ltr'>inquinati</span> <span class='ocrx_word' id='word_1_197' title='bbox 248 1966 336 1990; x_wconf 77' lang='lat' dir='ltr'>erant</span> <span class='ocrx_word' id='word_1_198' title='bbox 361 1959 474 1999; x_wconf 86' lang='lat' dir='ltr'>capilli.</span> <span class='ocrx_word' id='word_1_199' title='bbox 519 1959 580 1989; x_wconf 92' lang='lat' dir='ltr'>Cui</span> <span class='ocrx_word' id='word_1_200' title='bbox 606 1958 790 1989; x_wconf 86' lang='lat' dir='ltr'>correctioni</span> 
     </span>
     <span class='ocr_line' id='line_1_30' title="bbox 64 2001 790 2042; baseline 0.003 -12"><span class='ocrx_word' id='word_1_201' title='bbox 64 2010 130 2030; x_wconf 90' lang='lat' dir='ltr'>non</span> <span class='ocrx_word' id='word_1_202' title='bbox 156 2001 258 2032; x_wconf 86' lang='lat' dir='ltr'>favere</span> <span class='ocrx_word' id='word_1_203' title='bbox 281 2002 403 2032; x_wconf 86' lang='lat' dir='ltr'>videtur</span> <span class='ocrx_word' id='word_1_204' title='bbox 431 2003 515 2042; x_wconf 72' lang='grc' dir='ltr'><em>ἀμφὶ,</em></span> <span class='ocrx_word' id='word_1_205' title='bbox 547 2002 631 2042; x_wconf 91' lang='lat' dir='ltr'>quod</span> <span class='ocrx_word' id='word_1_206' title='bbox 660 2002 790 2031; x_wconf 87' lang='lat' dir='ltr'>verbum</span> 
     </span>
     <span class='ocr_line' id='line_1_31' title="bbox 65 2043 791 2085; baseline -0.001 -12"><span class='ocrx_word' id='word_1_207' title='bbox 65 2049 190 2074; x_wconf 88' lang='lat' dir='ltr'>motum</span> <span class='ocrx_word' id='word_1_208' title='bbox 215 2044 392 2085; x_wconf 83' lang='lat' dir='ltr'>significans</span> <span class='ocrx_word' id='word_1_209' title='bbox 421 2045 582 2075; x_wconf 84' lang='lat' dir='ltr'>desiderat.</span> <span class='ocrx_word' id='word_1_210' title='bbox 638 2043 791 2074; x_wconf 76' lang='lat' dir='ltr'>Desidere</span> 
     </span>
     <span class='ocr_line' id='line_1_32' title="bbox 63 2086 793 2127; baseline -0.001 -11"><span class='ocrx_word' id='word_1_211' title='bbox 63 2086 115 2116; x_wconf 90' lang='lat' dir='ltr'>hic</span> <span class='ocrx_word' id='word_1_212' title='bbox 129 2086 324 2127; x_wconf 84' lang='lat' dir='ltr'>diligentiam</span> <span class='ocrx_word' id='word_1_213' title='bbox 339 2087 604 2126; x_wconf 86' lang='lat' dir='ltr'>inspiciendarum</span> <span class='ocrx_word' id='word_1_214' title='bbox 619 2086 793 2117; x_wconf 89' lang='lat' dir='ltr'>editionum</span> 
     </span>
     <span class='ocr_line' id='line_1_33' title="bbox 63 2129 793 2169; baseline -0.001 -10"><span class='ocrx_word' id='word_1_215' title='bbox 63 2135 212 2159; x_wconf 84' lang='lat' dir='ltr'>veterum.</span> <span class='ocrx_word' id='word_1_216' title='bbox 230 2130 303 2160; x_wconf 84' lang='lat' dir='ltr'>MS.</span> <span class='ocrx_word' id='word_1_217' title='bbox 320 2130 402 2169; x_wconf 86' lang='lat' dir='ltr'>Lips.</span> <span class='ocrx_word' id='word_1_218' title='bbox 418 2131 510 2160; x_wconf 89' lang='lat' dir='ltr'>habet</span> <span class='ocrx_word' id='word_1_219' title='bbox 525 2130 671 2161; x_wconf 64' lang='grc' dir='ltr'><em>πίτναντο.</em></span> <span class='ocrx_word' id='word_1_220' title='bbox 702 2129 793 2159; x_wconf 89' lang='lat' dir='ltr'>Idem</span> 
     </span>
     <span class='ocr_line' id='line_1_34' title="bbox 66 2172 793 2211; baseline -0.001 -9"><span class='ocrx_word' id='word_1_221' title='bbox 66 2173 242 2211; x_wconf 86' lang='lat' dir='ltr'>exprimere</span> <span class='ocrx_word' id='word_1_222' title='bbox 257 2173 356 2203; x_wconf 87' lang='lat' dir='ltr'>voluit</span> <span class='ocrx_word' id='word_1_223' title='bbox 371 2172 444 2203; x_wconf 86' lang='lat' dir='ltr'>Ald.</span> <span class='ocrx_word' id='word_1_224' title='bbox 461 2177 489 2203; x_wconf 78' lang='lat'>2.</span> <span class='ocrx_word' id='word_1_225' title='bbox 504 2177 533 2203; x_wconf 82' lang='lat'>5.</span> <span class='ocrx_word' id='word_1_226' title='bbox 549 2173 603 2203; x_wconf 86' lang='lat' dir='ltr'>sed</span> <span class='ocrx_word' id='word_1_227' title='bbox 614 2173 656 2203; x_wconf 87' lang='lat' dir='ltr'>ita</span> <span class='ocrx_word' id='word_1_228' title='bbox 671 2182 793 2211; x_wconf 82' lang='lat' dir='ltr'>expres-</span> 
     </span>
     <span class='ocr_line' id='line_1_35' title="bbox 64 2215 792 2256; baseline 0 -12"><span class='ocrx_word' id='word_1_229' title='bbox 64 2225 136 2244; x_wconf 82' lang='lat' dir='ltr'>sum</span> <span class='ocrx_word' id='word_1_230' title='bbox 151 2221 205 2250; x_wconf 84' lang='lat' dir='ltr'>est,</span> <span class='ocrx_word' id='word_1_231' title='bbox 220 2216 307 2255; x_wconf 87' lang='lat' dir='ltr'>quasi</span> <span class='ocrx_word' id='word_1_232' title='bbox 322 2216 362 2246; x_wconf 88' lang='lat' dir='ltr'>sit</span> <span class='ocrx_word' id='word_1_233' title='bbox 378 2217 527 2250; x_wconf 65' lang='grc' dir='ltr'><em>πίτναντο,</em></span> <span class='ocrx_word' id='word_1_234' title='bbox 539 2216 633 2256; x_wconf 85' lang='lat' dir='ltr'>idque</span> <span class='ocrx_word' id='word_1_235' title='bbox 648 2222 683 2246; x_wconf 85' lang='lat' dir='ltr'>ut</span> <span class='ocrx_word' id='word_1_236' title='bbox 706 2215 792 2250; x_wconf 82' lang='lat' dir='ltr'>solet,</span> 
     </span>
     <span class='ocr_line' id='line_1_36' title="bbox 63 2257 794 2299; baseline 0 -12"><span class='ocrx_word' id='word_1_237' title='bbox 63 2257 195 2288; x_wconf 85' lang='lat' dir='ltr'>fideliter</span> <span class='ocrx_word' id='word_1_238' title='bbox 206 2258 328 2297; x_wconf 84' lang='lat' dir='ltr'>repetiit</span> <span class='ocrx_word' id='word_1_239' title='bbox 341 2259 364 2290; x_wconf 92' lang='lat' dir='ltr'><strong>J</strong></span> <span class='ocrx_word' id='word_1_240' title='bbox 366 2265 450 2289; x_wconf 84' lang='lat' dir='ltr'>unta.</span> <span class='ocrx_word' id='word_1_241' title='bbox 497 2259 576 2289; x_wconf 87' lang='lat' dir='ltr'>Haec</span> <span class='ocrx_word' id='word_1_242' title='bbox 591 2259 687 2299; x_wconf 86' lang='lat' dir='ltr'>igitur</span> <span class='ocrx_word' id='word_1_243' title='bbox 702 2258 794 2288; x_wconf 86' lang='lat' dir='ltr'>lectio</span> 
     </span>
     <span class='ocr_line' id='line_1_37' title="bbox 63 2301 794 2342; baseline 0 -12"><span class='ocrx_word' id='word_1_244' title='bbox 63 2306 112 2330; x_wconf 78' lang='lat' dir='ltr'>est</span> <span class='ocrx_word' id='word_1_245' title='bbox 125 2301 291 2331; x_wconf 88' lang='lat' dir='ltr'>commoda</span> <span class='ocrx_word' id='word_1_246' title='bbox 307 2302 388 2332; x_wconf 85' lang='lat' dir='ltr'>satis.</span> <span class='ocrx_word' id='word_1_247' title='bbox 409 2302 501 2342; x_wconf 75' lang='grc' dir='ltr'>Ἀμφὶ</span> <span class='ocrx_word' id='word_1_248' title='bbox 525 2320 568 2325; x_wconf 92' lang='grc'><strong>-</strong></span> <span class='ocrx_word' id='word_1_249' title='bbox 593 2305 730 2332; x_wconf 73' lang='grc' dir='ltr'><em>πίτναντο</em></span> <span class='ocrx_word' id='word_1_250' title='bbox 755 2301 794 2331; x_wconf 93' lang='lat' dir='ltr'>de</span> 
     </span>
     <span class='ocr_line' id='line_1_38' title="bbox 64 2344 792 2386; baseline 0.001 -13"><span class='ocrx_word' id='word_1_251' title='bbox 64 2344 164 2373; x_wconf 89' lang='lat' dir='ltr'>comis</span> <span class='ocrx_word' id='word_1_252' title='bbox 179 2350 233 2379; x_wconf 84' lang='lat' dir='ltr'>est,</span> <span class='ocrx_word' id='word_1_253' title='bbox 249 2344 333 2384; x_wconf 89' lang='lat' dir='ltr'>quod</span> <span class='ocrx_word' id='word_1_254' title='bbox 347 2348 420 2376; x_wconf 77' lang='lat'>515.</span> <span class='ocrx_word' id='word_1_255' title='bbox 439 2345 622 2386; x_wconf 64' lang='grc' dir='ltr'><em>περισσείοντο</em></span> <span class='ocrx_word' id='word_1_256' title='bbox 637 2344 676 2374; x_wconf 92' lang='lat' dir='ltr'>de</span> <span class='ocrx_word' id='word_1_257' title='bbox 701 2345 792 2375; x_wconf 82' lang='lat' dir='ltr'>crista</span> 
     </span>
    </p>
   </div>
   <div class='ocr_carea' id='block_1_10' title="bbox 66 2385 804 2427">
    <p class='ocr_par' dir='ltr' id='par_1_12' title="bbox 66 2385 804 2427">
     <span class='ocr_line' id='line_1_39' title="bbox 66 2385 804 2427; baseline 0.001 -11"><span class='ocrx_word' id='word_1_258' title='bbox 66 2385 172 2426; x_wconf 86' lang='lat' dir='ltr'>galeae,</span> <span class='ocrx_word' id='word_1_259' title='bbox 185 2398 278 2418; x_wconf 87' lang='lat' dir='ltr'>comae</span> <span class='ocrx_word' id='word_1_260' title='bbox 293 2389 392 2427; x_wconf 80' lang='lat' dir='ltr'>nigrae</span> <span class='ocrx_word' id='word_1_261' title='bbox 409 2389 667 2423; x_wconf 80' lang='lat' dir='ltr'>concutiebantur,</span> <span class='ocrx_word' id='word_1_262' title='bbox 683 2387 804 2426; x_wconf 75' lang='lat' dir='ltr'>jacea--</span> 
     </span>
    </p>
   </div>
   <div class='ocr_carea' id='block_1_11' title="bbox 64 2430 796 2858">
    <p class='ocr_par' dir='ltr' id='par_1_13' title="bbox 64 2430 796 2642">
     <span class='ocr_line' id='line_1_40' title="bbox 65 2430 793 2470; baseline 0.003 -12"><span class='ocrx_word' id='word_1_263' title='bbox 65 2430 177 2460; x_wconf 73' lang='lat' dir='ltr'>bantur</span> <span class='ocrx_word' id='word_1_264' title='bbox 200 2432 282 2460; x_wconf 79' lang='lat' dir='ltr'>circa</span> <span class='ocrx_word' id='word_1_265' title='bbox 300 2437 402 2470; x_wconf 85' lang='lat' dir='ltr'>caput,</span> <span class='ocrx_word' id='word_1_266' title='bbox 430 2430 634 2466; x_wconf 72' lang='lat' dir='ltr'>exsultabant,</span> <span class='ocrx_word' id='word_1_267' title='bbox 663 2437 694 2460; x_wconf 90' lang='lat' dir='ltr'>et</span> <span class='ocrx_word' id='word_1_268' title='bbox 719 2440 793 2461; x_wconf 89' lang='lat' dir='ltr'>cou-</span> 
     </span>
     <span class='ocr_line' id='line_1_41' title="bbox 66 2472 795 2512; baseline 0.004 -12"><span class='ocrx_word' id='word_1_269' title='bbox 66 2481 159 2501; x_wconf 81' lang='lat' dir='ltr'>cussu</span> <span class='ocrx_word' id='word_1_270' title='bbox 173 2472 504 2503; x_wconf 85' lang='lat' dir='ltr'>circumfundebantur</span> <span class='ocrx_word' id='word_1_271' title='bbox 518 2474 611 2512; x_wconf 88' lang='lat' dir='ltr'>capiti</span> <span class='ocrx_word' id='word_1_272' title='bbox 627 2480 685 2504; x_wconf 88' lang='lat' dir='ltr'>etc.</span> <span class='ocrx_word' id='word_1_273' title='bbox 731 2473 795 2509; x_wconf 83' lang='lat' dir='ltr'>Qui</span> 
     </span>
     <span class='ocr_line' id='line_1_42' title="bbox 64 2516 796 2553; baseline 0.004 -10"><span class='ocrx_word' id='word_1_274' title='bbox 64 2523 173 2544; x_wconf 86' lang='lat' dir='ltr'>sensus</span> <span class='ocrx_word' id='word_1_275' title='bbox 183 2520 231 2545; x_wconf 85' lang='lat' dir='ltr'>est</span> <span class='ocrx_word' id='word_1_276' title='bbox 241 2516 428 2553; x_wconf 86' lang='lat' dir='ltr'>aptissimus:</span> <span class='ocrx_word' id='word_1_277' title='bbox 444 2516 483 2546; x_wconf 87' lang='lat' dir='ltr'>de</span> <span class='ocrx_word' id='word_1_278' title='bbox 493 2516 659 2546; x_wconf 86' lang='lat' dir='ltr'>foedatione</span> <span class='ocrx_word' id='word_1_279' title='bbox 670 2526 768 2546; x_wconf 88' lang='lat' dir='ltr'>comae</span> <span class='ocrx_word' id='word_1_280' title='bbox 777 2526 796 2545; x_wconf 88' lang='lat' dir='ltr'>a</span> 
     </span>
     <span class='ocr_line' id='line_1_43' title="bbox 67 2555 793 2599; baseline 0.007 -14"><span class='ocrx_word' id='word_1_281' title='bbox 67 2555 194 2595; x_wconf 83' lang='lat' dir='ltr'>pulvere</span> <span class='ocrx_word' id='word_1_282' title='bbox 208 2557 241 2587; x_wconf 91' lang='lat' dir='ltr'>in</span> <span class='ocrx_word' id='word_1_283' title='bbox 258 2559 458 2599; x_wconf 80' lang='lat' dir='ltr'>sequentibus</span> <span class='ocrx_word' id='word_1_284' title='bbox 474 2566 526 2589; x_wconf 85' lang='lat' dir='ltr'>est.</span> <span class='ocrx_word' id='word_1_285' title='bbox 576 2561 689 2589; x_wconf 78' lang='lat' dir='ltr'>Dionis</span> <span class='ocrx_word' id='word_1_286' title='bbox 705 2560 793 2599; x_wconf 65' lang='grc' dir='ltr'>θιἐφᾶ-</span> 
     </span>
     <span class='ocr_line' id='line_1_44' title="bbox 65 2600 726 2642; baseline 0.003 -12"><span class='ocrx_word' id='word_1_287' title='bbox 65 2612 147 2642; x_wconf 72' lang='grc' dir='ltr'><em>ςκντο</em></span> <span class='ocrx_word' id='word_1_288' title='bbox 162 2605 208 2629; x_wconf 64' lang='lat' dir='ltr'>est</span> <span class='ocrx_word' id='word_1_289' title='bbox 224 2600 325 2640; x_wconf 85' lang='lat' dir='ltr'>glossa</span> <span class='ocrx_word' id='word_1_290' title='bbox 342 2602 439 2642; x_wconf 82' lang='lat' dir='ltr'>hujus</span> <span class='ocrx_word' id='word_1_291' title='bbox 452 2602 604 2632; x_wconf 75' lang='lat' dir='ltr'>lectionis.</span> <span class='ocrx_word' id='word_1_292' title='bbox 647 2604 726 2633; x_wconf 87' lang='lat' dir='ltr'>Ern.</span> 
     </span>
    </p>

    <p class='ocr_par' dir='ltr' id='par_1_14' title="bbox 68 2643 796 2715">
     <span class='ocr_line' id='line_1_45' title="bbox 111 2643 796 2687; baseline 0.006 -16"><span class='ocrx_word' id='word_1_293' title='bbox 111 2643 184 2672; x_wconf 81' lang='lat' dir='ltr'>Ver.</span> <span class='ocrx_word' id='word_1_294' title='bbox 201 2646 272 2673; x_wconf 83' lang='lat'><strong>404.</strong></span> <span class='ocrx_word' id='word_1_295' title='bbox 295 2644 503 2687; x_wconf 74' lang='grc' dir='ltr'>ἀεικίσσασθαι]</span> <span class='ocrx_word' id='word_1_296' title='bbox 534 2645 614 2675; x_wconf 71' lang='lat' dir='ltr'>Vide</span> <span class='ocrx_word' id='word_1_297' title='bbox 639 2656 732 2684; x_wconf 86' lang='lat' dir='ltr'>supra</span> <span class='ocrx_word' id='word_1_298' title='bbox 756 2644 796 2674; x_wconf 86' lang='lat' dir='ltr'>ad</span> 
     </span>
     <span class='ocr_line' id='line_1_46' title="bbox 68 2684 170 2715; baseline 0 0"><span class='ocrx_word' id='word_1_299' title='bbox 68 2684 103 2715; x_wconf 71' lang='grc' dir='ltr'>τ’.</span> <span class='ocrx_word' id='word_1_300' title='bbox 120 2688 170 2715; x_wconf 73' lang='grc'>26.</span> 
     </span>
    </p>

    <p class='ocr_par' dir='ltr' id='par_1_15' title="bbox 67 2727 793 2807">
     <span class='ocr_line' id='line_1_47' title="bbox 109 2727 793 2772; baseline 0.01 -16"><span class='ocrx_word' id='word_1_301' title='bbox 109 2727 184 2758; x_wconf 91' lang='lat' dir='ltr'>Ver.</span> <span class='ocrx_word' id='word_1_302' title='bbox 200 2731 271 2760; x_wconf 78' lang='lat'>405.</span> <span class='ocrx_word' id='word_1_303' title='bbox 302 2730 445 2772; x_wconf 74' lang='grc' dir='ltr'><em>κεκόνιτο]</em></span> <span class='ocrx_word' id='word_1_304' title='bbox 465 2731 550 2761; x_wconf 90' lang='lat' dir='ltr'>Vide</span> <span class='ocrx_word' id='word_1_305' title='bbox 573 2741 666 2770; x_wconf 87' lang='lat' dir='ltr'>supra</span> <span class='ocrx_word' id='word_1_306' title='bbox 691 2731 730 2762; x_wconf 89' lang='lat' dir='ltr'>ad</span> <span class='ocrx_word' id='word_1_307' title='bbox 757 2732 793 2772; x_wconf 86' lang='grc' dir='ltr'>φ’.</span> 
     </span>
     <span class='ocr_line' id='line_1_48' title="bbox 67 2771 630 2807; baseline 0.011 -8"><span class='ocrx_word' id='word_1_308' title='bbox 67 2773 139 2801; x_wconf 79' lang='lat'><strong><em>552.</em></strong></span> <span class='ocrx_word' id='word_1_309' title='bbox 155 2776 186 2800; x_wconf 88' lang='lat' dir='ltr'>et</span> <span class='ocrx_word' id='word_1_310' title='bbox 202 2771 241 2801; x_wconf 85' lang='lat' dir='ltr'>ad</span> <span class='ocrx_word' id='word_1_311' title='bbox 257 2771 290 2802; x_wconf 72' lang='grc' dir='ltr'>δ’.</span> <span class='ocrx_word' id='word_1_312' title='bbox 315 2776 386 2804; x_wconf 81' lang='grc'>492.</span> <span class='ocrx_word' id='word_1_313' title='bbox 431 2776 482 2804; x_wconf 85' lang='lat' dir='ltr'>Al.</span> <span class='ocrx_word' id='word_1_314' title='bbox 498 2775 630 2807; x_wconf 70' lang='grc' dir='ltr'><em>κεκὸνιςο.</em></span> 
     </span>
    </p>

    <p class='ocr_par' dir='ltr' id='par_1_16' title="bbox 111 2813 793 2858">
     <span class='ocr_line' id='line_1_49' title="bbox 111 2813 793 2858; baseline 0.009 -17"><span class='ocrx_word' id='word_1_315' title='bbox 111 2813 186 2843; x_wconf 90' lang='lat' dir='ltr'>Ver.</span> <span class='ocrx_word' id='word_1_316' title='bbox 197 2818 271 2845; x_wconf 82' lang='lat'>406.</span> <span class='ocrx_word' id='word_1_317' title='bbox 289 2814 315 2846; x_wconf 75' lang='grc' dir='ltr'>δὲ</span> <span class='ocrx_word' id='word_1_318' title='bbox 331 2816 470 2858; x_wconf 65' lang='grc' dir='ltr'><em>λιπαρὴν]</em></span> <span class='ocrx_word' id='word_1_319' title='bbox 487 2817 560 2852; x_wconf 86' lang='lat' dir='ltr'>Qua</span> <span class='ocrx_word' id='word_1_320' title='bbox 577 2817 705 2852; x_wconf 83' lang='lat' dir='ltr'>ratione,</span> <span class='ocrx_word' id='word_1_321' title='bbox 734 2829 793 2848; x_wconf 83' lang='lat' dir='ltr'>vox</span> 
     </span>
    </p>
   </div>
   <div class='ocr_carea' id='block_1_12' title="bbox 835 1567 1574 2862">
    <p class='ocr_par' dir='ltr' id='par_1_17' title="bbox 835 1567 1574 2862">
     <span class='ocr_line' id='line_1_50' title="bbox 876 1567 1566 1610; baseline 0 -12"><span class='ocrx_word' id='word_1_322' title='bbox 876 1570 952 1600; x_wconf 88' lang='lat' dir='ltr'>Ver.</span> <span class='ocrx_word' id='word_1_323' title='bbox 970 1572 1040 1600; x_wconf 76' lang='lat'><strong>407.</strong></span> <span class='ocrx_word' id='word_1_324' title='bbox 1053 1568 1191 1610; x_wconf 69' lang='grc' dir='ltr'><em>κώκυσεν]</em></span> <span class='ocrx_word' id='word_1_325' title='bbox 1208 1568 1291 1598; x_wconf 87' lang='lat' dir='ltr'>Vide</span> <span class='ocrx_word' id='word_1_326' title='bbox 1302 1578 1394 1607; x_wconf 86' lang='lat' dir='ltr'>supra</span> <span class='ocrx_word' id='word_1_327' title='bbox 1409 1567 1446 1597; x_wconf 87' lang='lat' dir='ltr'>ad</span> <span class='ocrx_word' id='word_1_328' title='bbox 1464 1568 1498 1598; x_wconf 88' lang='grc' dir='ltr'><em>ο-’.</em></span> <span class='ocrx_word' id='word_1_329' title='bbox 1514 1571 1566 1599; x_wconf 84' lang='grc'>57.</span> 
     </span>
     <span class='ocr_line' id='line_1_51' title="bbox 876 1611 1567 1652; baseline -0.001 -10"><span class='ocrx_word' id='word_1_330' title='bbox 876 1613 951 1642; x_wconf 83' lang='lat' dir='ltr'>Ver.</span> <span class='ocrx_word' id='word_1_331' title='bbox 975 1616 1046 1642; x_wconf 82' lang='lat'>410.</span> <span class='ocrx_word' id='word_1_332' title='bbox 1071 1614 1116 1651; x_wconf 63' lang='grc' dir='ltr'>Τῷ</span> <span class='ocrx_word' id='word_1_333' title='bbox 1130 1611 1156 1641; x_wconf 71' lang='grc' dir='ltr'>δὲ</span> <span class='ocrx_word' id='word_1_334' title='bbox 1179 1612 1284 1650; x_wconf 80' lang='grc' dir='ltr'>μα’λις·’</span> <span class='ocrx_word' id='word_1_335' title='bbox 1311 1613 1353 1652; x_wconf 67' lang='grc' dir='ltr'>ἄρ’</span> <span class='ocrx_word' id='word_1_336' title='bbox 1377 1612 1422 1644; x_wconf 65' lang='grc' dir='ltr'><em>ἔην</em></span> <span class='ocrx_word' id='word_1_337' title='bbox 1449 1612 1567 1651; x_wconf 67' lang='grc' dir='ltr'><em>ἐναλίγ-</em></span> 
     </span>
     <span class='ocr_line' id='line_1_52' title="bbox 835 1655 1047 1697; baseline -0.014 -10"><span class='ocrx_word' id='word_1_338' title='bbox 835 1657 918 1697; x_wconf 82' lang='grc' dir='ltr'><em>κιον,]</em></span> <span class='ocrx_word' id='word_1_339' title='bbox 938 1655 1047 1695; x_wconf 81' lang='lat' dir='ltr'>Virgil.</span> 
     </span>
     <span class='ocr_line' id='line_1_53' title="bbox 866 1712 1565 1742; baseline -0.004 -4"><span class='ocrx_word' id='word_1_340' title='bbox 866 1713 928 1738; x_wconf 84' lang='lat' dir='ltr'>Non</span> <span class='ocrx_word' id='word_1_341' title='bbox 945 1714 1021 1737; x_wconf 76' lang='lat' dir='ltr'>aliter</span> <span class='ocrx_word' id='word_1_342' title='bbox 1031 1718 1111 1742; x_wconf 85' lang='lat' dir='ltr'>quam</span> <span class='ocrx_word' id='word_1_343' title='bbox 1128 1712 1149 1736; x_wconf 89' lang='lat' dir='ltr'>si</span> <span class='ocrx_word' id='word_1_344' title='bbox 1161 1712 1285 1736; x_wconf 82' lang='lat' dir='ltr'>immissis</span> <span class='ocrx_word' id='word_1_345' title='bbox 1302 1713 1363 1736; x_wconf 82' lang='lat' dir='ltr'>ruat</span> <span class='ocrx_word' id='word_1_346' title='bbox 1375 1712 1493 1736; x_wconf 82' lang='lat' dir='ltr'>hostibus</span> <span class='ocrx_word' id='word_1_347' title='bbox 1508 1718 1565 1736; x_wconf 89' lang='lat' dir='ltr'>om-</span> 
     </span>
     <span class='ocr_line' id='line_1_54' title="bbox 897 1761 938 1777; baseline 0 0"><span class='ocrx_word' id='word_1_348' title='bbox 897 1761 938 1777; x_wconf 75' lang='lat' dir='ltr'>uls</span> 
     </span>
     <span class='ocr_line' id='line_1_55' title="bbox 867 1791 1567 1822; baseline -0.003 -6"><span class='ocrx_word' id='word_1_349' title='bbox 867 1792 1008 1822; x_wconf 83' lang='lat' dir='ltr'>carthago,</span> <span class='ocrx_word' id='word_1_350' title='bbox 1017 1794 1064 1815; x_wconf 86' lang='lat' dir='ltr'>aut</span> <span class='ocrx_word' id='word_1_351' title='bbox 1080 1792 1190 1822; x_wconf 83' lang='lat' dir='ltr'>antiqua</span> <span class='ocrx_word' id='word_1_352' title='bbox 1208 1791 1307 1822; x_wconf 81' lang='lat' dir='ltr'>Tyros;</span> <span class='ocrx_word' id='word_1_353' title='bbox 1332 1791 1498 1821; x_wconf 83' lang='lat' dir='ltr'>flammaeque</span> <span class='ocrx_word' id='word_1_354' title='bbox 1523 1792 1567 1815; x_wconf 89' lang='lat' dir='ltr'>fu-</span> 
     </span>
     <span class='ocr_line' id='line_1_56' title="bbox 895 1834 983 1855; baseline -0.011 0"><span class='ocrx_word' id='word_1_355' title='bbox 895 1834 983 1855; x_wconf 69' lang='lat' dir='ltr'>rentes</span> 
     </span>
     <span class='ocr_line' id='line_1_57' title="bbox 860 1869 1569 1900; baseline -0.001 -6"><span class='ocrx_word' id='word_1_356' title='bbox 860 1870 991 1895; x_wconf 84' lang='lat' dir='ltr'>.Cquina</span> <span class='ocrx_word' id='word_1_357' title='bbox 1011 1876 1110 1900; x_wconf 77' lang='lat' dir='ltr'>perque</span> <span class='ocrx_word' id='word_1_358' title='bbox 1136 1869 1280 1893; x_wconf 84' lang='lat' dir='ltr'>hominum</span> <span class='ocrx_word' id='word_1_359' title='bbox 1299 1870 1443 1894; x_wconf 82' lang='lat' dir='ltr'>volvantur</span> <span class='ocrx_word' id='word_1_360' title='bbox 1469 1875 1569 1900; x_wconf 84' lang='lat' dir='ltr'>perque</span> 
     </span>
     <span class='ocr_line' id='line_1_58' title="bbox 899 1909 1533 1934; baseline -0.002 0"><span class='ocrx_word' id='word_1_361' title='bbox 899 1909 1031 1934; x_wconf 85' lang='lat' dir='ltr'>Deorum.</span> <span class='ocrx_word' id='word_1_362' title='bbox 1337 1909 1400 1933; x_wconf 82' lang='lat' dir='ltr'>AEn.</span> <span class='ocrx_word' id='word_1_363' title='bbox 1419 1909 1533 1933; x_wconf 67' lang='lat' dir='ltr'>1V.6‹59.</span> 
     </span>
     <span class='ocr_line' id='line_1_59' title="bbox 835 1949 1569 1989; baseline -0.004 -8"><span class='ocrx_word' id='word_1_364' title='bbox 835 1952 908 1988; x_wconf 85' lang='lat' dir='ltr'>Quo</span> <span class='ocrx_word' id='word_1_365' title='bbox 923 1949 1046 1979; x_wconf 88' lang='lat' dir='ltr'>deloco</span> <span class='ocrx_word' id='word_1_366' title='bbox 1064 1950 1254 1985; x_wconf 76' lang='lat' dir='ltr'>Macrobius5</span> <span class='ocrx_word' id='word_1_367' title='bbox 1289 1955 1307 1968; x_wconf 81' lang='grc'>“</span> <span class='ocrx_word' id='word_1_368' title='bbox 1325 1950 1355 1978; x_wconf 91' lang='lat' dir='ltr'><strong>A</strong></span> <span class='ocrx_word' id='word_1_369' title='bbox 1370 1949 1486 1989; x_wconf 84' lang='lat' dir='ltr'>majore</span> <span class='ocrx_word' id='word_1_370' title='bbox 1504 1950 1569 1989; x_wconf 89' lang='lat' dir='ltr'>(in-</span> 
     </span>
     <span class='ocr_line' id='line_1_60' title="bbox 836 1991 1569 2034; baseline 0 -13"><span class='ocrx_word' id='word_1_371' title='bbox 836 2001 854 2015; x_wconf 67' lang='lat' dir='ltr'>t‘</span> <span class='ocrx_word' id='word_1_372' title='bbox 869 1993 951 2034; x_wconf 92' lang='lat' dir='ltr'>quit)</span> <span class='ocrx_word' id='word_1_373' title='bbox 978 1998 1171 2032; x_wconf 87' lang='lat' dir='ltr'>negaverunt</span> <span class='ocrx_word' id='word_1_374' title='bbox 1196 1991 1324 2032; x_wconf 88' lang='lat' dir='ltr'>quidam</span> <span class='ocrx_word' id='word_1_375' title='bbox 1356 2002 1424 2022; x_wconf 85' lang='lat' dir='ltr'>rem</span> <span class='ocrx_word' id='word_1_376' title='bbox 1461 1992 1569 2032; x_wconf 83' lang='lat' dir='ltr'>augeri</span> 
     </span>
     <span class='ocr_line' id='line_1_61' title="bbox 837 2035 1572 2076; baseline 0 -12"><span class='ocrx_word' id='word_1_377' title='bbox 837 2043 854 2057; x_wconf 70' lang='grc' dir='ltr'><strong><em>υ</em></strong></span> <span class='ocrx_word' id='word_1_378' title='bbox 868 2045 964 2076; x_wconf 75' lang='lat' dir='ltr'>posse.</span> <span class='ocrx_word' id='word_1_379' title='bbox 990 2035 1053 2064; x_wconf 91' lang='lat' dir='ltr'>Sed</span> <span class='ocrx_word' id='word_1_380' title='bbox 1065 2035 1222 2074; x_wconf 87' lang='lat' dir='ltr'>eleganter</span> <span class='ocrx_word' id='word_1_381' title='bbox 1236 2036 1295 2064; x_wconf 90' lang='lat' dir='ltr'>hoc</span> <span class='ocrx_word' id='word_1_382' title='bbox 1311 2035 1392 2064; x_wconf 85' lang='lat' dir='ltr'>circa</span> <span class='ocrx_word' id='word_1_383' title='bbox 1407 2035 1572 2065; x_wconf 89' lang='lat' dir='ltr'>Didonem</span> 
     </span>
     <span class='ocr_line' id='line_1_62' title="bbox 840 2077 1572 2117; baseline -0.001 -9"><span class='ocrx_word' id='word_1_384' title='bbox 840 2087 858 2099; x_wconf 74' lang='lat'>‘⁶</span> <span class='ocrx_word' id='word_1_385' title='bbox 881 2079 1026 2117; x_wconf 82' lang='lat' dir='ltr'>Virgilius</span> <span class='ocrx_word' id='word_1_386' title='bbox 1041 2077 1177 2107; x_wconf 81' lang='lat' dir='ltr'>induxit:</span> <span class='ocrx_word' id='word_1_387' title='bbox 1200 2077 1277 2107; x_wconf 85' lang='lat' dir='ltr'>dixit</span> <span class='ocrx_word' id='word_1_388' title='bbox 1307 2078 1390 2107; x_wconf 90' lang='lat' dir='ltr'>enim</span> <span class='ocrx_word' id='word_1_389' title='bbox 1420 2088 1484 2108; x_wconf 90' lang='lat' dir='ltr'>non</span> <span class='ocrx_word' id='word_1_390' title='bbox 1509 2078 1572 2108; x_wconf 87' lang='lat' dir='ltr'>mi-</span> 
     </span>
     <span class='ocr_line' id='line_1_63' title="bbox 839 2120 1570 2156; baseline -0.001 -5"><span class='ocrx_word' id='word_1_391' title='bbox 839 2129 859 2142; x_wconf 85' lang='lat'>“</span> <span class='ocrx_word' id='word_1_392' title='bbox 875 2130 984 2151; x_wconf 88' lang='lat' dir='ltr'>norem</span> <span class='ocrx_word' id='word_1_393' title='bbox 1008 2120 1128 2150; x_wconf 85' lang='lat' dir='ltr'>luctum</span> <span class='ocrx_word' id='word_1_394' title='bbox 1157 2120 1254 2150; x_wconf 88' lang='lat' dir='ltr'>fuisse</span> <span class='ocrx_word' id='word_1_395' title='bbox 1275 2131 1312 2150; x_wconf 80' lang='lat' dir='ltr'>ex</span> <span class='ocrx_word' id='word_1_396' title='bbox 1339 2121 1434 2150; x_wconf 84' lang='lat' dir='ltr'>unius</span> <span class='ocrx_word' id='word_1_397' title='bbox 1458 2127 1570 2156; x_wconf 81' lang='lat' dir='ltr'>morte,</span> 
     </span>
     <span class='ocr_line' id='line_1_64' title="bbox 840 2163 1570 2204; baseline 0 -11"><span class='ocrx_word' id='word_1_398' title='bbox 840 2172 858 2185; x_wconf 84' lang='lat'><strong>“</strong></span> <span class='ocrx_word' id='word_1_399' title='bbox 872 2173 967 2204; x_wconf 91' lang='lat' dir='ltr'>quam</span> <span class='ocrx_word' id='word_1_400' title='bbox 982 2163 1007 2192; x_wconf 83' lang='lat' dir='ltr'>si</span> <span class='ocrx_word' id='word_1_401' title='bbox 1023 2170 1087 2192; x_wconf 80' lang='lat' dir='ltr'>tota</span> <span class='ocrx_word' id='word_1_402' title='bbox 1102 2164 1182 2198; x_wconf 83' lang='lat' dir='ltr'>urbs,</span> <span class='ocrx_word' id='word_1_403' title='bbox 1201 2164 1285 2203; x_wconf 89' lang='lat' dir='ltr'>quod</span> <span class='ocrx_word' id='word_1_404' title='bbox 1299 2163 1366 2193; x_wconf 84' lang='lat' dir='ltr'>sine</span> <span class='ocrx_word' id='word_1_405' title='bbox 1378 2163 1474 2193; x_wconf 90' lang='lat' dir='ltr'>dubio</span> <span class='ocrx_word' id='word_1_406' title='bbox 1490 2171 1570 2193; x_wconf 87' lang='lat' dir='ltr'>esset</span> 
     </span>
     <span class='ocr_line' id='line_1_65' title="bbox 841 2206 1574 2247; baseline 0.001 -10"><span class='ocrx_word' id='word_1_407' title='bbox 841 2215 858 2228; x_wconf 82' lang='lat'><strong>“</strong></span> <span class='ocrx_word' id='word_1_408' title='bbox 873 2207 982 2247; x_wconf 84' lang='lat' dir='ltr'>majus,</span> <span class='ocrx_word' id='word_1_409' title='bbox 995 2206 1114 2236; x_wconf 83' lang='lat' dir='ltr'>ruisset.</span> <span class='ocrx_word' id='word_1_410' title='bbox 1159 2207 1203 2236; x_wconf 84' lang='lat' dir='ltr'>Et</span> <span class='ocrx_word' id='word_1_411' title='bbox 1216 2208 1369 2237; x_wconf 79' lang='lat' dir='ltr'>Homerus</span> <span class='ocrx_word' id='word_1_412' title='bbox 1384 2206 1467 2236; x_wconf 91' lang='lat' dir='ltr'>idem</span> <span class='ocrx_word' id='word_1_413' title='bbox 1483 2207 1574 2238; x_wconf 78' lang='lat' dir='ltr'>fecit:</span> 
     </span>
     <span class='ocr_line' id='line_1_66' title="bbox 1158 2269 1327 2299; baseline 0.006 -3"><span class='ocrx_word' id='word_1_414' title='bbox 1158 2272 1188 2299; x_wconf 76' lang='grc' dir='ltr'>ὡς</span> <span class='ocrx_word' id='word_1_415' title='bbox 1201 2271 1220 2297; x_wconf 76' lang='grc' dir='ltr'>εἰ</span> <span class='ocrx_word' id='word_1_416' title='bbox 1229 2269 1327 2297; x_wconf 70' lang='grc' dir='ltr'>ἅτασα</span> 
     </span>
     <span class='ocr_line' id='line_1_67' title="bbox 871 2310 1479 2346; baseline 0.005 -11"><span class='ocrx_word' id='word_1_417' title='bbox 871 2310 949 2338; x_wconf 71' lang='grc' dir='ltr'><em>Ἴλιος</em></span> <span class='ocrx_word' id='word_1_418' title='bbox 961 2310 1094 2344; x_wconf 64' lang='grc' dir='ltr'><em>ὀςξυόεσσα</em></span> <span class='ocrx_word' id='word_1_419' title='bbox 1106 2310 1160 2344; x_wconf 48' lang='grc' dir='ltr'>νυξὶ</span> <span class='ocrx_word' id='word_1_420' title='bbox 1173 2313 1302 2344; x_wconf 68' lang='grc' dir='ltr'><em>σμῆχοιτο</em></span> <span class='ocrx_word' id='word_1_421' title='bbox 1314 2310 1375 2337; x_wconf 73' lang='grc' dir='ltr'>κατ’</span> <span class='ocrx_word' id='word_1_422' title='bbox 1388 2312 1479 2346; x_wconf 69' lang='grc' dir='ltr'><em>ἔικξας.</em></span> 
     </span>
     <span class='ocr_line' id='line_1_68' title="bbox 1087 2345 1530 2386; baseline 0.007 -13"><span class='ocrx_word' id='word_1_423' title='bbox 1087 2345 1247 2374; x_wconf 71' lang='lat' dir='ltr'>Saturnal.</span> <span class='ocrx_word' id='word_1_424' title='bbox 1264 2346 1332 2375; x_wconf 89' lang='lat' dir='ltr'>Lib.</span> <span class='ocrx_word' id='word_1_425' title='bbox 1350 2347 1406 2376; x_wconf 91' lang='lat' dir='ltr'>IV.</span> <span class='ocrx_word' id='word_1_426' title='bbox 1423 2357 1487 2386; x_wconf 88' lang='lat' dir='ltr'>cap.</span> <span class='ocrx_word' id='word_1_427' title='bbox 1500 2348 1530 2376; x_wconf 82' lang='grc'>6.</span> 
     </span>
     <span class='ocr_line' id='line_1_69' title="bbox 883 2392 1547 2434; baseline 0.002 -11"><span class='ocrx_word' id='word_1_428' title='bbox 883 2392 964 2423; x_wconf 89' lang='lat' dir='ltr'>Ibid.</span> <span class='ocrx_word' id='word_1_429' title='bbox 983 2394 1017 2427; x_wconf 76' lang='grc' dir='ltr'>ὡς</span> <span class='ocrx_word' id='word_1_430' title='bbox 1037 2393 1072 2434; x_wconf 80' lang='grc' dir='ltr'>εί]</span> <span class='ocrx_word' id='word_1_431' title='bbox 1090 2393 1141 2422; x_wconf 83' lang='lat' dir='ltr'>lta</span> <span class='ocrx_word' id='word_1_432' title='bbox 1157 2396 1338 2424; x_wconf 78' lang='lat' dir='ltr'>Bar-nesius.</span> <span class='ocrx_word' id='word_1_433' title='bbox 1362 2396 1466 2434; x_wconf 77' lang='lat' dir='ltr'>Vulgg.</span> <span class='ocrx_word' id='word_1_434' title='bbox 1479 2394 1547 2428; x_wconf 73' lang='grc' dir='ltr'><em>ὦςεί.</em></span> 
     </span>
     <span class='ocr_line' id='line_1_70' title="bbox 883 2436 1567 2478; baseline 0.003 -13"><span class='ocrx_word' id='word_1_435' title='bbox 883 2436 954 2466; x_wconf 82' lang='lat' dir='ltr'>Ver.</span> <span class='ocrx_word' id='word_1_436' title='bbox 972 2440 1042 2466; x_wconf 84' lang='lat'>411.</span> <span class='ocrx_word' id='word_1_437' title='bbox 1058 2436 1217 2478; x_wconf 79' lang='grc' dir='ltr'><em>σμύχοιτο]</em></span> <span class='ocrx_word' id='word_1_438' title='bbox 1231 2439 1281 2466; x_wconf 78' lang='lat' dir='ltr'>Al.</span> <span class='ocrx_word' id='word_1_439' title='bbox 1295 2438 1448 2478; x_wconf 67' lang='grc' dir='ltr'><em>σμῇχοιτο.</em></span> <span class='ocrx_word' id='word_1_440' title='bbox 1493 2438 1567 2473; x_wconf 89' lang='lat' dir='ltr'>Quo</span> 
     </span>
     <span class='ocr_line' id='line_1_71' title="bbox 839 2479 1568 2520; baseline 0.003 -11"><span class='ocrx_word' id='word_1_441' title='bbox 839 2479 935 2509; x_wconf 91' lang='lat' dir='ltr'>modo</span> <span class='ocrx_word' id='word_1_442' title='bbox 951 2479 1027 2519; x_wconf 82' lang='lat' dir='ltr'>legit</span> <span class='ocrx_word' id='word_1_443' title='bbox 1042 2486 1073 2508; x_wconf 89' lang='lat' dir='ltr'>et</span> <span class='ocrx_word' id='word_1_444' title='bbox 1089 2481 1265 2510; x_wconf 78' lang='lat' dir='ltr'>Macrobius</span> <span class='ocrx_word' id='word_1_445' title='bbox 1281 2479 1349 2510; x_wconf 87' lang='lat' dir='ltr'>loco</span> <span class='ocrx_word' id='word_1_446' title='bbox 1371 2481 1438 2520; x_wconf 88' lang='lat' dir='ltr'>jam</span> <span class='ocrx_word' id='word_1_447' title='bbox 1465 2480 1568 2511; x_wconf 79' lang='lat' dir='ltr'>citato.</span> 
     </span>
     <span class='ocr_line' id='line_1_72' title="bbox 843 2522 1569 2562; baseline 0.001 -10"><span class='ocrx_word' id='word_1_448' title='bbox 843 2523 942 2553; x_wconf 71' lang='lat' dir='ltr'>Clark.</span> <span class='ocrx_word' id='word_1_449' title='bbox 990 2522 1030 2551; x_wconf 89' lang='lat' dir='ltr'>In</span> <span class='ocrx_word' id='word_1_450' title='bbox 1049 2522 1151 2552; x_wconf 90' lang='lat' dir='ltr'>Schol.</span> <span class='ocrx_word' id='word_1_451' title='bbox 1170 2523 1373 2553; x_wconf 88' lang='lat' dir='ltr'>Pseudo-did.</span> <span class='ocrx_word' id='word_1_452' title='bbox 1390 2525 1457 2554; x_wconf 85' lang='lat' dir='ltr'>haec</span> <span class='ocrx_word' id='word_1_453' title='bbox 1474 2524 1569 2562; x_wconf 84' lang='lat' dir='ltr'>scrip-</span> 
     </span>
     <span class='ocr_line' id='line_1_73' title="bbox 840 2565 1569 2604; baseline 0.003 -10"><span class='ocrx_word' id='word_1_454' title='bbox 840 2571 910 2595; x_wconf 80' lang='lat' dir='ltr'>tura</span> <span class='ocrx_word' id='word_1_455' title='bbox 925 2571 977 2598; x_wconf 82' lang='lat' dir='ltr'>est.</span> <span class='ocrx_word' id='word_1_456' title='bbox 994 2565 1069 2594; x_wconf 83' lang='lat' dir='ltr'>vitio</span> <span class='ocrx_word' id='word_1_457' title='bbox 1084 2574 1258 2604; x_wconf 88' lang='lat' dir='ltr'>operarum,</span> <span class='ocrx_word' id='word_1_458' title='bbox 1282 2573 1317 2595; x_wconf 89' lang='lat' dir='ltr'>ut</span> <span class='ocrx_word' id='word_1_459' title='bbox 1342 2567 1376 2595; x_wconf 89' lang='lat' dir='ltr'>in</span> <span class='ocrx_word' id='word_1_460' title='bbox 1402 2566 1469 2597; x_wconf 90' lang='lat' dir='ltr'>edd.</span> <span class='ocrx_word' id='word_1_461' title='bbox 1495 2569 1569 2596; x_wconf 79' lang='lat' dir='ltr'>Ma·</span> 
     </span>
     <span class='ocr_line' id='line_1_74' title="bbox 839 2607 1569 2647; baseline -0.001 -9"><span class='ocrx_word' id='word_1_462' title='bbox 839 2609 916 2638; x_wconf 86' lang='lat' dir='ltr'>crob.</span> <span class='ocrx_word' id='word_1_463' title='bbox 962 2607 1046 2637; x_wconf 88' lang='lat' dir='ltr'>Nam</span> <span class='ocrx_word' id='word_1_464' title='bbox 1062 2608 1096 2637; x_wconf 87' lang='lat' dir='ltr'>in</span> <span class='ocrx_word' id='word_1_465' title='bbox 1111 2608 1181 2638; x_wconf 85' lang='lat' dir='ltr'>edd.</span> <span class='ocrx_word' id='word_1_466' title='bbox 1196 2619 1243 2647; x_wconf 89' lang='lat' dir='ltr'>pr.</span> <span class='ocrx_word' id='word_1_467' title='bbox 1259 2611 1420 2643; x_wconf 66' lang='lat' dir='ltr'>sshcrobii,</span> <span class='ocrx_word' id='word_1_468' title='bbox 1432 2617 1467 2639; x_wconf 89' lang='lat' dir='ltr'>ut</span> <span class='ocrx_word' id='word_1_469' title='bbox 1478 2610 1569 2639; x_wconf 80' lang='lat' dir='ltr'>Brix-</span> 
     </span>
     <span class='ocr_line' id='line_1_75' title="bbox 840 2650 1571 2688; baseline 0.001 -9"><span class='ocrx_word' id='word_1_470' title='bbox 840 2650 986 2685; x_wconf 54' lang='lat' dir='ltr'>iensibus</span> <span class='ocrx_word' id='word_1_471' title='bbox 1002 2651 1146 2686; x_wconf 68' lang='lat' dir='ltr'>Jundna,</span> <span class='ocrx_word' id='word_1_472' title='bbox 1163 2662 1268 2682; x_wconf 87' lang='lat' dir='ltr'>versus</span> <span class='ocrx_word' id='word_1_473' title='bbox 1287 2652 1388 2681; x_wconf 83' lang='lat' dir='ltr'>Graeci</span> <span class='ocrx_word' id='word_1_474' title='bbox 1406 2663 1468 2682; x_wconf 88' lang='lat' dir='ltr'>non</span> <span class='ocrx_word' id='word_1_475' title='bbox 1484 2658 1571 2688; x_wconf 88' lang='lat' dir='ltr'>sunt,</span> 
     </span>
     <span class='ocr_line' id='line_1_76' title="bbox 840 2693 1569 2734; baseline 0 -12"><span class='ocrx_word' id='word_1_476' title='bbox 840 2703 898 2723; x_wconf 86' lang='lat' dir='ltr'>nec</span> <span class='ocrx_word' id='word_1_477' title='bbox 913 2693 1046 2732; x_wconf 80' lang='lat' dir='ltr'>spatium</span> <span class='ocrx_word' id='word_1_478' title='bbox 1062 2694 1215 2726; x_wconf 81' lang='lat' dir='ltr'>relictum.</span> <span class='ocrx_word' id='word_1_479' title='bbox 1239 2695 1324 2734; x_wconf 83' lang='lat' dir='ltr'>quod</span> <span class='ocrx_word' id='word_1_480' title='bbox 1350 2695 1426 2724; x_wconf 85' lang='lat' dir='ltr'>alias</span> <span class='ocrx_word' id='word_1_481' title='bbox 1448 2701 1493 2724; x_wconf 85' lang='lat' dir='ltr'>est</span> <span class='ocrx_word' id='word_1_482' title='bbox 1518 2694 1569 2723; x_wconf 91' lang='lat' dir='ltr'>in-</span> 
     </span>
     <span class='ocr_line' id='line_1_77' title="bbox 839 2735 1571 2777; baseline 0 -12"><span class='ocrx_word' id='word_1_483' title='bbox 839 2735 958 2766; x_wconf 88' lang='lat' dir='ltr'>dicium</span> <span class='ocrx_word' id='word_1_484' title='bbox 981 2737 1088 2766; x_wconf 81' lang='lat' dir='ltr'>omissi</span> <span class='ocrx_word' id='word_1_485' title='bbox 1109 2747 1214 2767; x_wconf 82' lang='lat' dir='ltr'>versus</span> <span class='ocrx_word' id='word_1_486' title='bbox 1239 2739 1341 2777; x_wconf 80' lang='lat' dir='ltr'>graeci.</span> <span class='ocrx_word' id='word_1_487' title='bbox 1389 2738 1428 2766; x_wconf 91' lang='lat' dir='ltr'>In</span> <span class='ocrx_word' id='word_1_488' title='bbox 1452 2736 1571 2766; x_wconf 81' lang='lat' dir='ltr'>Aldina</span> 
     </span>
     <span class='ocr_line' id='line_1_78' title="bbox 843 2780 1571 2818; baseline 0 -10"><span class='ocrx_word' id='word_1_489' title='bbox 843 2782 933 2809; x_wconf 73' lang='lat'>1527.</span> <span class='ocrx_word' id='word_1_490' title='bbox 949 2780 1087 2818; x_wconf 85' lang='lat' dir='ltr'>primum</span> <span class='ocrx_word' id='word_1_491' title='bbox 1103 2780 1199 2810; x_wconf 86' lang='lat' dir='ltr'>additi</span> <span class='ocrx_word' id='word_1_492' title='bbox 1215 2787 1288 2810; x_wconf 85' lang='lat' dir='ltr'>sunt</span> <span class='ocrx_word' id='word_1_493' title='bbox 1309 2780 1372 2810; x_wconf 91' lang='lat' dir='ltr'>duo</span> <span class='ocrx_word' id='word_1_494' title='bbox 1397 2780 1429 2808; x_wconf 92' lang='lat' dir='ltr'>hi</span> <span class='ocrx_word' id='word_1_495' title='bbox 1456 2789 1571 2814; x_wconf 69' lang='lat' dir='ltr'>versus,</span> 
     </span>
     <span class='ocr_line' id='line_1_79' title="bbox 840 2823 1569 2862; baseline 0.003 -12"><span class='ocrx_word' id='word_1_496' title='bbox 840 2828 964 2860; x_wconf 84' lang='lat' dir='ltr'>propter</span> <span class='ocrx_word' id='word_1_497' title='bbox 978 2824 1071 2852; x_wconf 86' lang='lat' dir='ltr'>verba</span> <span class='ocrx_word' id='word_1_498' title='bbox 1089 2824 1251 2857; x_wconf 84' lang='lat' dir='ltr'>Macrobii,</span> <span class='ocrx_word' id='word_1_499' title='bbox 1268 2825 1347 2862; x_wconf 80' lang='lat' dir='ltr'>quod</span> <span class='ocrx_word' id='word_1_500' title='bbox 1362 2830 1389 2852; x_wconf 79' lang='lat' dir='ltr'>et</span> <span class='ocrx_word' id='word_1_501' title='bbox 1415 2823 1569 2852; x_wconf 82' lang='lat' dir='ltr'>Homerus</span> 
     </span>
    </p>
   </div>
   <div class='ocr_carea' id='block_1_13' title="bbox 66 2855 1568 2905">
    <p class='ocr_par' dir='ltr' id='par_1_18' title="bbox 66 2855 1568 2905">
     <span class='ocr_line' id='line_1_80' title="bbox 66 2855 1568 2905; baseline 0.001 -13"><span class='ocrx_word' id='word_1_502' title='bbox 66 2855 105 2892; x_wconf 64' lang='grc' dir='ltr'>δὲ,</span> <span class='ocrx_word' id='word_1_503' title='bbox 122 2856 173 2886; x_wconf 67' lang='lat' dir='ltr'>hic</span> <span class='ocrx_word' id='word_1_504' title='bbox 187 2857 394 2895; x_wconf 84' lang='lat' dir='ltr'>producatur;</span> <span class='ocrx_word' id='word_1_505' title='bbox 415 2859 490 2889; x_wconf 84' lang='lat' dir='ltr'>item</span> <span class='ocrx_word' id='word_1_506' title='bbox 512 2859 611 2899; x_wconf 81' lang='grc' dir='ltr'><em>μοίλοι,</em></span> <span class='ocrx_word' id='word_1_507' title='bbox 636 2870 697 2890; x_wconf 82' lang='lat' dir='ltr'>ver.</span> <span class='ocrx_word' id='word_1_508' title='bbox 724 2865 796 2892; x_wconf 89' lang='lat'>407.</span> <span class='ocrx_word' id='word_1_509' title='bbox 830 2865 915 2905; x_wconf 77' lang='lat' dir='ltr'>facit</span> <span class='ocrx_word' id='word_1_510' title='bbox 930 2879 940 2894; x_wconf 92' lang='lat'>.·</span> <span class='ocrx_word' id='word_1_511' title='bbox 959 2875 1032 2900; x_wconf 88' lang='lat' dir='ltr'>non,</span> <span class='ocrx_word' id='word_1_512' title='bbox 1050 2872 1084 2895; x_wconf 82' lang='lat' dir='ltr'>ut</span> <span class='ocrx_word' id='word_1_513' title='bbox 1099 2866 1218 2904; x_wconf 82' lang='lat' dir='ltr'>opinor,</span> <span class='ocrx_word' id='word_1_514' title='bbox 1234 2877 1250 2895; x_wconf 86' lang='lat' dir='ltr'>e</span> <span class='ocrx_word' id='word_1_515' title='bbox 1270 2865 1340 2894; x_wconf 80' lang='lat' dir='ltr'>MS.</span> <span class='ocrx_word' id='word_1_516' title='bbox 1357 2872 1411 2894; x_wconf 85' lang='lat' dir='ltr'>aut</span> <span class='ocrx_word' id='word_1_517' title='bbox 1426 2864 1494 2894; x_wconf 88' lang='lat' dir='ltr'>edd.</span> <span class='ocrx_word' id='word_1_518' title='bbox 1512 2875 1568 2894; x_wconf 90' lang='lat' dir='ltr'>an-</span> 
     </span>
    </p>
   </div>
   <div class='ocr_carea' id='block_1_14' title="bbox 66 2899 733 2942">
    <p class='ocr_par' dir='ltr' id='par_1_19' title="bbox 66 2899 733 2942">
     <span class='ocr_line' id='line_1_81' title="bbox 66 2899 733 2942; baseline 0.01 -15"><span class='ocrx_word' id='word_1_519' title='bbox 66 2904 97 2928; x_wconf 89' lang='lat' dir='ltr'>et</span> <span class='ocrx_word' id='word_1_520' title='bbox 112 2899 206 2938; x_wconf 77' lang='grc' dir='ltr'><em>μόλις,</em></span> <span class='ocrx_word' id='word_1_521' title='bbox 223 2910 282 2931; x_wconf 89' lang='lat' dir='ltr'>ver.</span> <span class='ocrx_word' id='word_1_522' title='bbox 296 2904 366 2932; x_wconf 77' lang='lat'>412.</span> <span class='ocrx_word' id='word_1_523' title='bbox 382 2901 451 2932; x_wconf 84' lang='lat' dir='ltr'>vide</span> <span class='ocrx_word' id='word_1_524' title='bbox 467 2912 560 2942; x_wconf 87' lang='lat' dir='ltr'>supra</span> <span class='ocrx_word' id='word_1_525' title='bbox 575 2901 615 2933; x_wconf 86' lang='lat' dir='ltr'>ad</span> <span class='ocrx_word' id='word_1_526' title='bbox 630 2903 667 2934; x_wconf 73' lang='grc' dir='ltr'>α’.</span> <span class='ocrx_word' id='word_1_527' title='bbox 683 2907 733 2936; x_wconf 75' lang='lat'>51,</span> 
     </span>
    </p>
   </div>
   <div class='ocr_carea' id='block_1_15' title="bbox 844 2907 1570 2948">
    <p class='ocr_par' dir='ltr' id='par_1_20' title="bbox 844 2907 1570 2948">
     <span class='ocr_line' id='line_1_82' title="bbox 844 2907 1570 2948; baseline 0.004 -12"><span class='ocrx_word' id='word_1_528' title='bbox 844 2907 945 2948; x_wconf 75' lang='lat' dir='ltr'>tiquis.</span> <span class='ocrx_word' id='word_1_529' title='bbox 991 2909 1078 2948; x_wconf 86' lang='lat' dir='ltr'>Ergo</span> <span class='ocrx_word' id='word_1_530' title='bbox 1095 2909 1270 2939; x_wconf 60' lang='lat' dir='ltr'>fllacrobz&#39;us</span> <span class='ocrx_word' id='word_1_531' title='bbox 1296 2917 1361 2938; x_wconf 90' lang='lat' dir='ltr'>non</span> <span class='ocrx_word' id='word_1_532' title='bbox 1377 2907 1429 2938; x_wconf 87' lang='lat' dir='ltr'>dat</span> <span class='ocrx_word' id='word_1_533' title='bbox 1451 2908 1570 2939; x_wconf 78' lang='lat' dir='ltr'>variam</span> 
     </span>
    </p>
   </div>
  </div>
 </body>
</html>
