1783 3145
202 206 307 256 248
804 207 1124 263 ὈΜΗΡΟΥ

353 355 477 402 Τοῖον
503 352 670 404 Πάνθε
693 352 776 405 υἱον
793 354 1036 424 ἐυμμελίην
1057 357 1123 408 Ευ
1115 355 1288 428 ’φοξβον

240 427 311 476 60
346 425 574 496 Ἀτρείδης
603 426 881 489 Μενέλαος,’
868 451 962 480 earet
988 432 1138 492 κτάνε,
1164 431 1310 500 τεύχε’
1339 430 1496 484 ἐσύλα.

344 500 437 557 Ὠς
467 499 547 552 ὃΗ
528 523 597 551 ονε
627 525 690 558 τις
718 525 763 552 τε
792 501 894 553 λέων
919 504 1205 575 ὁξεσῖτξοφος,
1230 507 1343 556 ἀλκι
1370 506 1603 569 πεποιθως,

347 575 619 642 Βοσκομένης
646 574 817 638 ἀγέλης
843 576 983 638 βέν’
958 580 1159 650 agonio-n,
1188 578 1279 636 η’τις
1307 580 1453 650 ἀξῖςη·

339 650 430 704 Τῆς
459 647 495 697 ὃ
523 648 570 707 ἐξ
597 646 746 716 αὐχέν’
776 646 894 710 ἔαξε,
922 650 1080 709 λαβων
1106 658 1374 723 κξατεξοῖσιν
1401 654 1539 711 ὂὸἔσι,

342 718 575 790 Πξῶτον,’
558 743 715 771 werra
743 720 786 772 δέ
814 724 863 772 θ’
907 722 1032 792 αἱμα
1058 749 1137 776 και
1181 725 1364 790 ’ἔγκατα
1389 729 1538 778 πάντα
1582 740 1666 779 λα-

231 796 301 845 65
340 796 482 864 Δηῶν,
499 794 620 862 ἀμφι
640 793 684 845 δε
703 794 770 845 τόν
787 818 840 860 γε
859 796 974 855 κύνες
994 799 1084 848 τά
1076 797 1200 870 ’νὸξες
1226 823 1272 851 τε
1300 804 1448 869 νομῆες
1491 801 1673 872 [φύσα-ει

341 869 514 917 Πολλοὶ
539 868 656 934 μαλ’
686 867 852 938 ι’ὖζεσιν
879 870 1145 961 {mciv-goffia,
1174 872 1243 924 ἔθ’
1264 873 1472 925 {Simo-cv

337 941 504 991 Ἀντίον
532 939 793 1010 ἐλθέμεναι·
830 945 974 1011 μάλα
1001 968 1093 1015 ’γαξ
1121 944 1291 1016 χλωξον
1313 945 1402 1004 δέος
1430 950 1561 1019 αἱρεῖ·

328 1011 428 1071 ”stc
456 1017 532 1064 τῶν
560 1013 587 1065 ἔ
613 1039 688 1065 τινι
718 1014 907 1085 θυμος’
895 1017 947 1067 ev>
976 1018 1190 1076 ςῆθεσσίν
1217 1018 1396 1088 ἐτόλμα

339 1088 507 1138 Ἀντίον
530 1087 772 1157 ἐλθέμεναι
802 1092 1016 1142 Μενελάε
1044 1091 1328 1160 κυδαλίμοιο.

226 1161 295 1213 70
325 1159 478 1212 ’Ἔνθα
505 1185 554 1212 κε
582 1163 681 1232 ρεῖα
708 1162 824 1234 φέξοι
852 1165 1004 1214 κλυτα
1032 1165 1203 1234 τεύχεα
1229 1165 1497 1218 Πανθοΐδαο

322 1235 594 1326 ’Argeimdnffi
608 1239 644 1286 εἰ
668 1238 733 1305 μή
761 1239 797 1288 οἱ
825 1260 1075 1301 αγασσατο
1103 1239 1312 1298 Φοῖβος’
1319 1240 1555 1302 Απόλλων,

322 1307 416 1367 “Ος
441 1309 502 1378 ῥα
529 1312 567 1360 οἱ
584 1309 763 1381 ‘''En‘tog
792 1311 967 1382 {magara
997 1315 1092 1380 3οῷ
1119 1313 1378 1365 αταλαντον
1397 1312 1556 1386 ”Αξηῖ,

331 1454 440 1485 Talem
458 1454 574 1485 Panthi
590 1455 690 1487 filium
705 1456 1105 1499 hastae-peritia-insignem
1121 1457 1331 1497 Euphorbum

270 1511 312 1538 60
333 1508 460 1538 Atrides
475 1509 648 1545 Menelaus,
666 1516 831 1551 postquam
845 1510 1049 1547 interfecerat,
1065 1511 1161 1542 armis
1175 1511 1335 1551 spoliabat.

326 1563 371 1592 Ut
385 1573 457 1592 vero
471 1563 595 1603 quando
609 1565 679 1604 quis
693 1565 741 1595 leo
755 1564 1126 1601 in-montibus-nutritus,
1142 1567 1251 1596 robore
1266 1566 1371 1602 fretus,

326 1616 486 1646 Pascentis
500 1618 633 1647 armenti
648 1619 758 1648 bovem
772 1619 917 1658 rapuerit,
934 1629 1004 1660 quae
1019 1620 1155 1659 optima:

323 1671 430 1711 Hujus
449 1677 554 1701 autem
568 1673 718 1703 cervicem
732 1673 858 1715 frangit,
877 1680 1050 1714 correptam
1067 1673 1177 1704 validis
1192 1673 1346 1711 dentibus

322 1725 474 1761 Primum,
491 1726 603 1756 deinde
618 1737 691 1758 vero
705 1729 955 1770 sanguinemque
969 1736 1000 1759 et
1014 1729 1130 1760 viscera
1144 1729 1251 1759 omnia
1265 1728 1369 1759 haurit

258 1782 297 1810 65
320 1779 505 1818 Dilanians;
531 1780 647 1811 circum
662 1787 767 1812 autem
782 1784 867 1813 hunc
886 1794 1038 1824 canesque
1053 1783 1173 1824 virique
1189 1789 1325 1822 pastores

324 1834 440 1863 Crebro
456 1834 626 1865 admodum
642 1835 777 1866 clamant
791 1848 808 1867 e
823 1837 1004 1878 longinquo,
1023 1847 1124 1878 neque
1138 1837 1262 1868 animus
1276 1837 1336 1867 fert

324 1888 441 1918 Contra
454 1889 515 1926 ire3
539 1889 627 1920 valde
641 1891 727 1921 enim
740 1890 875 1930 pallidus
889 1891 983 1922 timor
1000 1898 1145 1931 occupat:

325 1942 377 1972 Sic
392 1943 504 1973 horum
521 1944 639 1974 nemini
655 1945 780 1975 animus
795 1945 828 1975 in
844 1945 1019 1985 pectoribus
1038 1945 1171 1976 audebat

321 1997 437 2027 Contra
453 1998 496 2027 ire
514 1998 697 2029 Menelaum
714 1999 1005 2040 gloria-sublimem.

260 2053 301 2082 70
326 2051 418 2082 Tunc
432 2052 559 2092 quidem
574 2053 664 2083 facile
679 2054 855 2084 abstulisset
871 2054 986 2094 inclyta
1001 2064 1089 2084 arma
1106 2052 1290 2084 Panthoidae

316 2106 453 2141 Atrides,
469 2107 528 2136 nisi
546 2107 603 2145 ipsi
619 2108 780 2138 invidisset
795 2109 934 2139 Phoebus
952 2108 1077 2148 Apollo,

319 2160 384 2196 Qui
400 2160 433 2190 in
450 2171 523 2191 eum
541 2161 712 2192 Hectorem
728 2162 868 2193 incitavit
882 2162 980 2193 veloci
994 2172 1101 2202 parem
1118 2162 1224 2198 Marti,

353 2264 390 2291 61
421 2267 465 2295 Τις
491 2261 575 2303 λέων]
594 2261 665 2292 MS.
711 2265 751 2292 62
779 2261 916 2305 ἁρπάσει]
944 2261 993 2292 Id.
1030 2261 1121 2292 male.
1168 2264 1210 2292 63
1233 2259 1274 2302 ἔξ]
1298 2261 1386 2290 abest
1401 2258 1470 2290 edd.
1487 2259 1527 2290 A.
1545 2259 1577 2291 J.
1612 2262 1652 2290 65

397 2314 489 2357 δηίων]
507 2315 578 2346 MS.
595 2317 654 2346 vid.
669 2323 731 2347 not.
775 2320 814 2347 66
832 2315 876 2347 ὑδέ
890 2314 1022 2358 Sim-cn]
1040 2314 1090 2346 Id.

206 2432 237 2461 V
240 2441 280 2461 cr.
297 2435 345 2463 61.
361 2434 434 2462 ἀλκ
427 2431 449 2473 ]
466 2432 496 2461 V
499 2431 550 2462 ide
563 2442 656 2471 supra
670 2431 745 2462 ad'
725 2445 752 2463 ε.
769 2436 839 2464 299.
928 2432 1012 2462 Nam
1033 2430 1212 2471 Hesychius
1231 2435 1263 2460 et
1279 2427 1392 2460 Suidas
1406 2429 1520 2459 habent
1533 2428 1573 2459 ad
1586 2438 1651 2458 ver-

201 2475 276 2505 Ver.
294 2477 343 2504 62.
359 2474 500 2517 ἁρπάσῃ]
518 2475 600 2505 Vide
614 2486 706 2514 supra
720 2474 760 2506 ad
771 2482 799 2506 ν’.
814 2478 883 2507 192.
925 2477 1010 2511 bum,
1023 2480 1054 2505 et
1064 2474 1304 2513 interpretantur
1317 2471 1488 2507 διακόπτων,
1497 2473 1649 2503 lacerans.-

161 2523 192 2548 et
206 2517 246 2547 ad
261 2517 300 2547 α’.
318 2520 385 2547 140.
925 2527 1020 2558 quam
1035 2517 1181 2558 glossam,
1197 2526 1259 2556 quo
1273 2515 1422 2545 referrent
1436 2513 1604 2544 doctissimi
1620 2523 1651 2544 e-

203 2560 278 2590 Ver.
294 2563 345 2590 64.
369 2574 398 2590 αι
390 2559 444 2598 ’μα
461 2561 510 2590 καὶ
522 2574 641 2600 εγκατα
657 2561 757 2591 πάντα
771 2560 886 2600 λαφύσ-
929 2561 1054 2598 ditores,
1070 2569 1135 2589 non
1149 2559 1332 2589 habueruut.
1376 2557 1447 2597 Ego
1462 2566 1526 2587 non
1541 2556 1651 2587 dubito

161 2602 215 2645 σει]
232 2602 314 2632 Vide
329 2613 420 2641 supra
435 2602 474 2632 ad
489 2602 528 2632 λ’.
550 2606 618 2634 176.
929 2603 969 2634 ad
983 2604 1013 2634 h.
1029 2603 1047 2633 1.
1063 2602 1224 2641 pertinere,
1239 2600 1272 2630 in
1287 2610 1348 2641 quo
1359 2610 1467 2630 sensus
1481 2599 1531 2630 hic
1546 2595 1651 2629 locum

204 2646 276 2676 Ver.
292 2648 340 2675 65.
366 2645 468 2687 Apim]
487 2645 537 2675 Sic
551 2645 621 2676 edd.
635 2655 751 2676 omnes.
763 2648 884 2676 Barne-
929 2647 1028 2676 habet.
1053 2645 1209 2675 Caeterum
1223 2643 1268 2677 δηί
1257 2658 1288 2674 ιω
1304 2642 1352 2673 vel
1362 2641 1423 2684 δῇω,
1442 2648 1478 2672 ut
1491 2641 1559 2678 δάεν,
1571 2641 1648 2677 Σαίω.

158 2690 221 2719 sius
247 2694 470 2718 commemorat
494 2698 511 2717 e
538 2688 614 2718 Cod.
640 2689 764 2718 Barocc.
791 2687 879 2723 δηῖῶν,
924 2689 969 2719 nil
982 2687 1069 2718 aliud
1082 2693 1136 2722 est,
1151 2696 1245 2727 quam
1260 2685 1337 2728 δῃόω,
1347 2675 1432 2725 quod
1440 2684 1480 2715 de
1495 2685 1648 2715 lacerante

157 2741 228 2771 quae
254 2731 402 2770 scriptura
428 2735 459 2760 et
480 2730 547 2759 aliis
574 2730 605 2759 in
627 2730 702 2760 locis
717 2731 750 2760 in
765 2731 880 2769 scriptt.
923 2731 1013 2762 leone
1027 2730 1075 2760 vel
1089 2730 1164 2769 lupo
1179 2735 1210 2759 et
1224 2719 1297 2759 alibi
1305 2728 1418 2759 dicitur
1427 2727 1509 2767 apud
1525 2727 1648 2757 Home-

155 2779 187 2804 et
201 2773 269 2804 edd.
286 2773 445 2812 reperitur.
490 2772 550 2802 Sed
567 2772 638 2802 MS.
661 2773 745 2812 Lips.
760 2774 811 2803 hic
825 2774 880 2803 ha-
923 2784 1003 2810 rum,
1029 2772 1084 2804 sed
1109 2772 1143 2802 in
1157 2771 1286 2806 stabulo,
1314 2770 1367 2801 ubi
1381 2769 1566 2810 significatio
1581 2779 1647 2799 vas·

157 2817 209 2846 bet
234 2816 468 2847 memorabilem
492 2815 656 2845 lectionem
680 2814 766 2850 Bm‘m,
782 2826 879 2856 quam
920 2816 1007 2848 tandi
1022 2815 1127 2850 locum
1148 2815 1248 2845 habet.
1271 2814 1379 2844 Etiam
1409 2814 1514 2854 Etym.
1539 2812 1587 2844 M.
1612 2811 1646 2841 in

156 2859 319 2899 antiquam
344 2865 374 2890 et
396 2858 472 2889 olim
492 2857 526 2888 in
548 2857 688 2897 pluribus
713 2858 878 2889 Codicibus
920 2859 1029 2903 δῃώσας
1041 2859 1133 2890 habet
1143 2859 1221 2899 ῥῆμα
1232 2856 1308 2891 δηΐω.
1352 2858 1432 2888 Ern.

153 2909 308 2941 repertam
342 2906 478 2943 arguunt
513 2900 716 2932 Grammatici
751 2907 875 2933 veteres.
