1783 3145
587 177 895 226 ἸΛΙΑΔΟΣ
941 178 1016 226 Χ’.

1457 186 1568 236 505

204 326 347 375 Ἀλλ’
376 324 396 374 o‘
421 321 501 390 μεν
528 322 566 371 ἓν
593 321 752 389 τείχει,
782 320 860 387 ἐμὲ
889 320 932 370 δ’
962 321 1238 382 ἐξαπάτησεν
1266 328 1454 387 Ἀὃῆνη.

58 401 165 450 300
203 401 296 449 Νῦν
323 397 366 448 δὲ
397 395 444 453 δὴ
474 393 647 459 ἐγγύθι
673 418 751 463 μοι
779 396 979 452 θάνοι-τος
1001 395 1158 458 κακὸς,
1182 396 1253 448 ἐὸε
1283 402 1317 448 τ’
1349 401 1548 455 οἵνευθεν·

205 471 320 523 Οὐδ’
350 468 480 526 ἀλέη·
521 466 550 526 ἧ
575 470 667 540 γάξ
693 468 755 538 ῥα
781 470 933 520 πάλαι
961 468 1010 519 τό
1031 493 1084 534 γε
1113 472 1314 542 φίλτερον
1343 472 1408 531 ἧεν

204 544 310 602 Ζηνί
333 566 396 604 τε,
423 543 503 593 ,καὶ
532 542 643 599 Διὸς
672 545 755 593 υἱεῖ
775 542 1033 610 Ἑκηβόλῳ,
1061 545 1184 612 οἵμε
1212 548 1349 617 πάρος
1379 573 1432 613 γε

196 616 438 688 Πξόφξονες
468 616 683 688 εἰρύαται·
726 619 788 668 νῦν
815 615 922 668 αὖτε
950 641 1009 685 με
1036 624 1174 690 μοῖρα
1202 623 1398 689 κιχάνει·

204 691 286 749 Μὴ
313 692 406 759 μοὶν
433 691 626 742 deo-mbas
646 714 699 756 γε
728 693 807 741 καὶ
837 695 1025 749 ἀκλειῶς
1055 694 1320 761 ἀπολοίμην,

54 767 161 818 305
197 766 364 816 Ἀλλοὶ
390 764 521 834 μέγα
541 764 673 834 ῥέξας
701 789 741 815 τι
765 766 843 816 καὶ
872 765 1137 834 ἐσσομένοισι
1165 768 1404 821 πυθέσθαι.

261 836 364 897 “Ως
393 838 486 911 ἄξοι
513 840 726 904 φωνήσας,
755 838 989 911 εἷξῦσσοιτο
1016 842 1247 905 φάσγανον
1275 842 1367 904 ὀξὺ,

197 912 265 964 Τό
285 915 322 964 οἱ
351 913 430 965 ὑπὸ
458 915 664 984 λαπάξην
691 912 851 964 τέτατο
878 914 1009 982 μέγα
1037 938 1102 975 τε,
1131 917 1345 989 στιβαρόν
1373 940 1438 970 σε’

200 987 403 1055 Οἴμησεν
434 987 478 1039 δε
506 989 650 1048 ἀλεὶς,
677 987 944 1046 ὥςτ”οιιέτος
973 988 1249 1051 ὑψιπετῆεις,

188 1060 282 1119 “Oq
310 1063 344 1111 τ’
376 1058 479 1113 εἶσιν
505 1062 692 1113 πεδίονδε
723 1061 796 1112 διοὶ
825 1061 969 1125 νεφέων
998 1063 1229 1133 ἐξεβεννῶν,

47 1137 157 1186 310
190 1136 444 1206 Ἀξπάξων,
475 1133 499 1193 ἢ
527 1133 615 1207 οἵξν’
645 1135 849 1204 ἀμαλὴν,
877 1133 900 1193 ἢ
928 1138 1086 1187 πτῶκα
1113 1138 1306 1203 λαγωόν·

195 1287 213 1300 “
230 1281 292 1311 Sed
306 1281 359 1311 ille
375 1281 503 1321 quidem
521 1282 552 1311 in
568 1291 672 1319 muro,
688 1292 740 1312 me
756 1292 827 1312 vero
843 1282 964 1320 decepit
981 1283 1136 1314 Minerva.

102 1338 166 1366 300
189 1340 206 1354 ‘⁶

222 1335 317 1365 Nunc
332 1342 438 1365 autem
454 1346 548 1375 prope
564 1336 642 1366 mihi
653 1346 738 1366 mors
754 1336 898 1371 exitialis,
915 1347 972 1366 nec
983 1337 1050 1376 jam
1068 1337 1179 1378 longe;

195 1395 213 1408 ‘⁶
228 1389 341 1429 Neque
356 1389 511 1430 effugium
525 1404 531 1420 :
559 1391 650 1420 Certe
666 1390 750 1419 enim
767 1390 844 1420 olim
860 1391 918 1420 hoc
933 1397 1059 1431 gratum
1075 1399 1140 1422 erat

192 1449 211 1463 “
227 1443 249 1474 J
251 1444 372 1484 ovique‚
389 1450 419 1474 et
433 1445 455 1475 J
458 1445 524 1474 ovis
538 1444 603 1474 filio
618 1444 891 1484 longe-jaculanti3
916 1445 971 1485 qui
987 1451 1091 1475 tamen
1107 1457 1158 1476 me
1173 1452 1266 1478 antea

192 1503 210 1517 “
225 1498 509 1537 Propenso-animo
524 1498 914 1538 &periculis-eripuerunt:
939 1509 1025 1530 nunc
1041 1510 1113 1530 vero
1127 1511 1178 1531 me
1194 1502 1296 1532 fatum
1311 1504 1498 1544 assequitur:

193 1557 211 1570 “
227 1552 328 1582 Haud
341 1558 449 1583 tamen
464 1554 616 1593 ignaviter
631 1553 745 1582 saltem
760 1558 791 1582 et
806 1553 938 1594 inglorie
953 1554 1106 1592 perierim,

105 1607 169 1636 505
193 1610 210 1624 ‘⁴

227 1605 289 1635 Sed
304 1606 472 1646 magnifico
488 1607 591 1647 aliquo
606 1606 743 1636 facinore
758 1606 841 1637 edito
853 1613 884 1637 et
897 1607 1027 1646 posteris
1042 1608 1232 1641 audiendo.‘’

232 1659 285 1689 Sic
300 1660 390 1696 fatus,
407 1661 529 1691 strinxit
546 1671 654 1691 ensem
669 1667 807 1695 acutum,

189 1713 254 1748 Qui
269 1714 299 1743 ei
313 1714 353 1744 ad
369 1714 450 1744 latus
465 1715 619 1754 pendebat
635 1724 839 1755 magnusque,
853 1714 1035 1756 validusque
1043 1729 1053 1754 ;

188 1767 350 1806 Impetum
367 1775 473 1799 autem
490 1769 575 1799 dedit
590 1779 764 1804 conversuS‚
780 1769 866 1799 velut
880 1770 984 1809 aquila
1000 1770 1170 1804 altivolans·

189 1821 269 1857 Quae
283 1822 443 1852 descendit
458 1824 492 1852 in
508 1833 655 1862 campum
673 1834 727 1862 per
742 1824 841 1853 nubes
854 1825 1007 1859 obscuras,

101 1877 166 1904 310
188 1875 330 1915 Raptura
343 1876 393 1907 vel
407 1887 524 1918 agnam
540 1883 689 1913 teneram,
705 1877 754 1908 vel
769 1877 919 1917 pavidum
934 1878 1090 1917 leporem:

222 1975 285 2003 507
308 1973 354 2016 τε]
378 1975 463 2005 abest
479 1975 552 2006 MS.
595 1979 658 2006 508
682 1975 777 2018 ἀλεὶς]
804 1977 843 2006 A.
861 1980 888 2006 2.
905 1979 934 2006 5.
953 1977 984 2007 J.
1001 1977 1038 2007 T.
1083 1981 1148 2008 509
1172 1977 1237 2020 εῖσι]
1262 1979 1296 2009 F.
1324 1979 1367 2010 A.
1387 1982 1414 2009 1.
1437 1980 1526 2010 bene.

271 2030 334 2057 310
356 2029 507 2071 ἁρπάζων]
533 2029 605 2060 MS.
621 2031 656 2060 F.
675 2031 717 2060 A.
739 2030 771 2061 J.

38 2141 154 2178 τέτατο,
171 2153 232 2173 ver.
247 2147 319 2174 507.
336 2152 366 2174 et
382 2144 435 2181 διὰ,
452 2156 512 2176 ver.
527 2150 600 2178 509.
616 2152 647 2176 et
662 2147 761 2189 κόρυθι,

36 2194 97 2215 ver.
113 2189 185 2216 514.
202 2186 271 2216 vide
286 2198 378 2226 supra
393 2188 433 2218 ad
449 2189 486 2219 α’.
501 2192 552 2219 51.

80 2228 153 2258 Ver.
168 2232 240 2259 506.
264 2231 425 2273 εἰρύσσατο]
449 2234 618 2264 Bamesius
639 2234 673 2262 in
698 2243 765 2262 uno

35 2269 110 2300 MS.
137 2271 287 2311 scriptum
326 2276 438 2312 reperit
465 2275 603 2316 εἰρύσατο.
649 2276 759 2306 Minus

35 2319 127 2344 recte.
185 2317 479 2354 Antepenultimam
515 2319 600 2348 enim
626 2319 760 2357 corripit.

34 2355 119 2386 Vide
134 2367 226 2396 supra
241 2359 281 2388 ad
296 2362 338 2389 π’.
354 2362 424 2390 781.

75 2399 150 2430 Ver.
178 2404 251 2432 507.
276 2403 313 2432 'ro'
342 2403 380 2444 οἱ]
416 2403 697 2441 pronunciabatur,
721 2412 758 2436 ut

32 2442 150 2480 opinor,
169 2443 314 2475 Towwoi‘.
361 2448 413 2476 Al.
439 2447 503 2489 Τὸῤῥ
528 2449 562 2478 οἱ.
609 2448 692 2478 Vide
707 2459 758 2478 su-

29 2494 85 2522 pra
112 2484 153 2515 ad
182 2486 224 2516 «τ’.
253 2491 323 2518 228.
382 2491 480 2520 Clark.
534 2492 758 2522 commentum

30 2527 90 2557 hoc
108 2527 312 2560 Clarkianum
329 2531 380 2561 vix
404 2534 527 2571 probari
552 2541 663 2573 potest,
683 2536 757 2575 quia

29 2569 71 2599 ad
84 2569 153 2600 loca
167 2571 282 2602 similia
297 2583 361 2603 non
383 2575 524 2615 quadrat,
548 2584 583 2607 ut
595 2579 672 2608 bene
688 2589 756 2609 mo-

29 2618 84 2643 net
98 2614 228 2645 Dorvill.
248 2615 349 2647 vanu.
370 2618 446 2648 Crit.
468 2630 498 2658 p.
513 2623 587 2651 595.
634 2621 717 2651 Nam
733 2623 756 2652 si

30 2654 72 2685 ad
94 2656 180 2686 hunc
208 2658 340 2689 modum
362 2662 403 2690 Il.
428 2664 456 2692 ε’.
479 2666 508 2692 4.
531 2663 673 2703 legamus
696 2663 757 2696 δαῒ-

31 2699 134 2734 xwwoa‘,
155 2709 260 2730 versus
283 2710 507 2742 corrumpetur.
553 2707 673 2736 Melius
698 2708 757 2748 igi-

31 2746 83 2770 tur
106 2748 152 2771 est
175 2742 277 2773 dicere
303 2745 460 2784 syllabam,
487 2748 521 2777 in
546 2749 647 2787 prima
672 2751 760 2789 pedis

28 2789 124 2822 parte,
157 2795 195 2814 ex
224 2787 412 2825 aspiratione
437 2800 475 2819 ex
499 2792 524 2821 01‘
554 2792 691 2830 produci,
723 2794 758 2824 in

31 2836 94 2866 qua
108 2827 218 2858 vocula
234 2829 268 2859 id
294 2837 340 2860 est
363 2831 651 2872 frequentissimum
675 2837 758 2875 apud

32 2868 211 2900 Homerum
228 2878 259 2902 et
272 2873 356 2904 alios,
404 2876 480 2906 Ern.

82 2961 171 2999 VoL.
187 2965 234 3000 11.

819 2029 900 2061 Ibid.
917 2031 1051 2073 ἀμαλὴν]
1076 2032 1149 2062 MS.

850 2145 932 2177 Ibid.
957 2147 1081 2188 τέτατο]
1117 2150 1288 2179 Barnesz'us
1310 2149 1392 2180 inter
1421 2150 1534 2180 Varias

806 2189 971 2220 Lectiones
990 2190 1097 2220 retulit
1109 2191 1251 2228 vien-aetam
1277 2203 1340 2232 quo
1356 2192 1451 2222 modo
1467 2203 1532 2223 non

806 2239 961 2263 constaret
987 2233 1181 2272 Temporum
1208 2235 1295 2265 ratio.
1341 2236 1424 2266 Vide
1440 2246 1533 2275 supra

804 2275 843 2305 ad
859 2275 897 2315 φ’.
912 2279 984 2306 552.
1002 2283 1033 2306 et
1047 2276 1086 2306 ad
1101 2281 1136 2306 α’.
1152 2281 1202 2308 57.

846 2318 924 2348 Ver.
941 2322 1015 2349 308.
1040 2319 1163 2358 Oi'pznoev
1178 2320 1204 2351 δὲ
1227 2321 1319 2356 ἀλεὶς,
1336 2322 1402 2355 ὅντ’
1425 2321 1534 2364 aito-33]

803 2361 917 2402 Virgil.

834 2411 925 2441 Qualis
936 2411 990 2441 ubi,
1009 2414 1056 2436 aut
1066 2412 1194 2443 leporem,
1212 2415 1260 2437 aut
1278 2413 1402 2438 candenti
1423 2421 1534 2445 corpore

896 2456 1011 2480 cycnum

833 2489 944 2513 Sustth
954 2490 1007 2513 alta
1017 2492 1109 2520 petens
1119 2491 1228 2521 pedibus
1239 2491 1314 2516 Jovis
1320 2493 1435 2522 armiger
1447 2492 1532 2516 uncis:

832 2532 980 2562 Quaesitum
991 2535 1038 2556 aut
1048 2534 1127 2557 matri
1136 2534 1228 2558 multis
1237 2535 1369 2559 balatibus
1380 2542 1480 2566 agnum

833 2570 946 2596 Martius
957 2579 973 2596 a
984 2573 1093 2597 stabulis
1101 2574 1189 2604 rapuit
1197 2573 1283 2604 lupus.
1300 2574 1424 2605 Undique
1433 2575 1533 2599 clamor

833 2609 956 2635 Tollitur.
1311 2614 1372 2638 AEn.
1385 2614 1434 2638 lX.
1447 2614 1502 2637 563.

804 2660 906 2696 Quem
924 2661 1030 2691 locum
1043 2662 1123 2692 inter
1133 2673 1185 2692 eos
1196 2669 1333 2693 recenset
1346 2664 1529 2696 Macrobius,

802 2703 835 2732 in
851 2704 963 2743 quibus
988 2705 1160 2736 Poetarum
1187 2712 1276 2745 “par
1297 2717 1376 2745 pene
1391 2706 1531 2745 splendor

805 2752 822 2765 ‘⁶
839 2747 992 2777 amborum
1009 2748 1082 2778 est.’'
1127 2749 1195 2778 Lib.
1215 2749 1254 2778 V.
1273 2759 1337 2787 cap.
1357 2752 1403 2778 1‘2.

848 2789 932 2820 Ibid.
948 2790 1071 2829 Οἴμησεν
1086 2791 1112 2821 δὲ
1138 2792 1244 2832 ἀλεὶς,]
1270 2793 1396 2825 Servius,
1423 2789 1463 2819 ad
1482 2789 1529 2819 lo-

801 2841 876 2862 cum
899 2834 1023 2872 Virgilii
1040 2834 1109 2874 jam
1123 2834 1262 2868 citatum,
1280 2833 1363 2873 legit,
1374 2834 1532 2875 “stefanum

802 2873 824 2904 δ’
842 2876 852 2905 ἒ
868 2876 957 2910 ἀλείς.

849 2918 931 2951 Ibid.
965 2919 1072 2961 ἅλεὶς,]
1101 2919 1207 2961 Ἀθςὸον
1233 2919 1331 2950 ἱαυτδν
1353 2918 1533 2960 cum-gimpa?

752 2976 813 3011 ss
