1783 3145
180 195 291 249 496

742 193 1066 247 ὈΜΗΡΟΥ

319 339 422 399 “Ως
439 339 664 414 ‘'Ezwg'
645 367 669 393 8
697 343 816 401 ληθε
844 342 1050 394 ποδώκεα
1075 344 1322 402 Πηλείωνα

328 417 536 468 Oo-co'cm
565 416 650 468 δ”
629 417 830 488 οξμῆσειε
855 418 1034 469 πυλάων
1061 418 1354 491 Aoegdoevco'wv

191 494 295 545 195
328 491 500 542 Ἀντῖον
527 488 783 551 ἀΐξασθαι,
811 491 1069 560 ἒῦδμῆτες
1057 515 1124 543 επι
1151 493 1341 565 πύργες,

333 565 478 622 Εἰπως
506 567 544 615 οἱ
570 563 862 635 καθύπερθεν
889 567 1140 618 ἀλάλκοιεν
1165 566 1397 630 βελέεσσι·

330 640 537 690 Τοσσάκι
564 661 638 707 μιν
663 639 957 709 πξοπάξοιῧεν
983 639 1313 711 ἀποςξὲψασκε
1341 641 1618 714 woegaoffiolg'

332 711 449 784 Πςος
476 713 617 764 πεδίον
644 712 707 776 γ’·
734 736 866 770 αυτος
896 711 941 764 δε
969 713 1067 764 ποτὶ
1094 714 1272 772 πτόλιος
1299 715 1444 767 «πέτετ’
1472 717 1577 768 αἰεί·

327 789 423 845 “Ως
453 787 530 838 δ”
518 809 556 838 εν
583 786 764 858 bvelgqa’
747 811 770 837 8
800 786 983 838 δύναται
1012 786 1236 852 φεύγοντα
1263 788 1438 850 διώκειν,

188 865 295 915 200
337 859 450 913 Oz'a'r'
479 859 600 932 ἄρ’
579 884 600 911 o
627 884 695 912 τον
723 859 907 912 δύναται
936 860 1214 927 ὑποφεύγειν,
1241 861 1320 913 8'3'
1349 863 1370 914 ὅ
1397 861 1570 915 διωκειν·

337 1008 388 1039 Sic
406 1008 527 1038 Hector
542 1016 608 1038 non
623 1007 738 1038 latebat
752 1007 1042 1047 pedibus—velocem
1057 1009 1209 1040 Pelidem.

336 1063 467 1098 Quoties
481 1071 554 1091 vero
568 1061 877 1101 impetum-sumeret
892 1062 933 1093 ad
948 1068 1050 1102 portas
1066 1063 1243 1094 Dardanias

250 1121 310 1150 195
335 1118 435 1147 Recta
447 1126 539 1146 ruere
559 1115 824 1147 hene-aedificatas
838 1127 945 1147 versus
960 1124 1070 1153 turreS,

331 1172 365 1202 Si
380 1181 442 1212 quo
459 1170 554 1201 modo
570 1171 599 1201 ei
614 1171 748 1211 desuper
763 1171 991 1202 auxiliarentur
1007 1171 1090 1210 telis3

332 1226 361 1256 T
363 1226 440 1256 oties
454 1235 528 1255 eum
546 1227 701 1256 avertebat
717 1232 903 1264 praevertens

329 1281 372 1311 In
387 1290 553 1319 campum:
576 1279 644 1318 ipse
659 1286 766 1310 autem
781 1290 877 1319 prope
892 1281 1003 1310 urbem
1017 1279 1142 1310 volabat
1156 1289 1286 1320 semper.

331 1336 377 1366 Ut
391 1345 463 1365 vero
478 1335 511 1364 in
527 1344 639 1365 somno
655 1344 719 1364 non
736 1341 836 1373 potest
852 1334 1028 1375 fugientem
1044 1334 1200 1375 consequi,

246 1395 310 1422 200
332 1390 445 1431 Neque
460 1389 538 1420 alter
553 1389 687 1419 alterum
702 1395 802 1428 potest
816 1389 964 1430 effugere,
980 1399 1082 1430 neque
1098 1388 1176 1419 alter
1191 1387 1354 1429 consequi:

375 1488 435 1516 194
465 1484 623 1527 ὁρμήσειε-ο]
658 1483 730 1513 MS.
755 1484 836 1514 forte
864 1493 920 1523 pro
949 1483 1113 1526 ἇρμῆσαιτα.
1160 1485 1218 1514 197
1243 1481 1393 1523 rapas-25]
1423 1481 1495 1512 MS.
1512 1481 1582 1513 edd.
1607 1488 1679 1513 vett.

416 1543 477 1570 198
503 1539 548 1580 γ’]
576 1539 662 1568 abest
679 1538 751 1568 MS.
767 1539 802 1568 F.
822 1538 863 1568 R.
882 1539 921 1568 A.
942 1538 1062 1579 Litem
1077 1538 1167 1568 Eust.
1184 1537 1218 1566 in
1236 1537 1359 1567 Comm.
1403 1540 1468 1568 200
1484 1537 1534 1579 τῦ]
1552 1537 1589 1568 Τ.
1605 1538 1680 1568 vitio

414 1603 590 1632 operarum,
612 1599 648 1622 ut
664 1593 783 1632 opinor,
803 1593 888 1634 quod
903 1600 1008 1624 tamen
1025 1591 1171 1622 nonnulli
1187 1591 1284 1623 secuti
1300 1598 1382 1623 sunt.
1427 1596 1489 1623 202
1506 1593 1678 1635 ὑπεξέφυγε]

418 1638 452 1667 F.
470 1637 510 1667 R.
528 1638 567 1666 A.
586 1640 611 1667 1,
626 1646 709 1667 mox.

226 1755 299 1785 Ver.
318 1757 390 1786 195.
408 1755 455 1785 ἐπὶ
469 1753 606 1797 τόρνῳ]
627 1755 678 1785 Al.
695 1755 750 1786 ὑπὸ
762 1755 884 1798 πύξγες.

226 1797 299 1828 Ver.
318 1801 388 1829 197.
411 1797 598 1840 παραφθὰς]
625 1798 675 1828 Ita
695 1808 734 1828 ex
750 1808 816 1828 uno
834 1799 907 1828 MS.

184 1841 282 1872 edidjt
297 1843 478 1876 Barnesius;
502 1850 639 1880 quocum
662 1840 738 1871 facit
753 1848 784 1871 et
801 1840 908 1871 Codex

185 1886 388 1915 Harlez‘anus.
413 1886 463 1914 Al.
480 1885 629 1926 ταραε-άς.
656 1885 756 1914 Clark.
780 1886 909 1914 Barnes.

185 1928 348 1969 παραφθὰς
365 1926 461 1957 etiam
483 1926 516 1955 in
539 1926 608 1956 edd.
624 1932 696 1957 vett.
721 1927 848 1966 optimis
863 1937 910 1957 re-

184 1970 276 2010 periri
299 1970 352 2000 ait:
382 1969 466 2009 quod
491 1975 537 1999 est
559 1969 683 1999 falsum.
730 1969 792 2000 Sed
818 1971 910 2000 habet

187 2015 330 2044 Eustath.
355 2013 387 2041 in
407 2014 529 2042 Comm.
554 2018 585 2042 et
599 2013 827 2051 interpretatur,
852 2023 909 2044 nec

181 2057 378 2086 mentionem
396 2056 471 2085 facit
486 2055 613 2085 alterius
628 2055 782 2086 lectionis.
806 2057 887 2087 Ern.

229 2099 302 2129 Ver.
330 2102 397 2129 198.
421 2097 511 2129 πεέἷον
527 2100 567 2138 ιγ’·
593 2098 694 2140 αὐτὸς]
720 2098 798 2129 Cod.
822 2101 911 2129 Har-

183 2144 275 2173 lez'an.
294 2141 392 2173 πεδία·
415 2142 510 2175 αὖτίς.
556 2141 652 2177 Quod
667 2147 698 2171 et
712 2141 786 2172 ferri
802 2143 906 2181 possit.

186 2185 268 2215 Vide
280 2195 373 2224 supra
394 2184 435 2214 ad
462 2184 498 2214 α’.
525 2187 575 2215 51.
601 2187 701 2215 Clark.
727 2185 856 2215 Omittit
880 2191 911 2215 et

187 2228 261 2258 MS.
292 2228 377 2267 Lips.
404 2235 436 2257 et
464 2226 533 2257 edd.
563 2228 708 2268 antiquae.
733 2227 809 2267 (vid.
832 2228 909 2259 Var.

186 2270 287 2311 Lect.)
322 2271 389 2301 Nec
416 2270 508 2300 video
531 2271 595 2300 vim
617 2271 776 2310 particulae
791 2271 824 2301 in
840 2272 870 2302 h.
885 2271 906 2302 l.

188 2315 267 2344 Ern.

229 2356 302 2386 Ver.
319 2360 390 2388 199.
411 2358 472 2390 Ὠς
489 2355 514 2387 δ’
529 2358 553 2387 ἔν
570 2356 672 2399 ὄνεῖρῳ]
696 2356 811 2397 Virgll.

219 2415 260 2438 Ac
272 2415 345 2438 velut
356 2415 383 2438 in
395 2415 505 2444 somnis,
515 2415 605 2440 oculos
616 2416 662 2439 ubi
671 2415 798 2446 languida
809 2415 903 2446 pressit

217 2453 302 2478 Nocte
313 2454 395 2484 quies,
406 2455 583 2485 nequicquam
596 2455 687 2479 avidos
696 2455 844 2479 extendere
853 2461 912 2479 cur-

248 2501 292 2518 sus

215 2533 292 2557 Velle
303 2534 435 2563 videmur,
446 2535 511 2558 etin
521 2535 615 2559 mediis
626 2535 764 2559 conatibus
775 2535 839 2565 aegri

215 2573 393 2608 Succidimus;
409 2581 463 2598 non
473 2575 564 2605 lingua
571 2576 650 2605 valet,
662 2582 716 2600 non
723 2581 834 2606 corpore
845 2577 915 2599 notae

216 2613 357 2638 Sufficiunt
365 2614 444 2643 vires,
455 2621 505 2638 nec
516 2622 578 2645 vox,
590 2622 639 2639 nec
651 2616 732 2639 verba
742 2618 900 2645 sequuntur.

642 2655 703 2679 AEn.
717 2655 784 2679 XII.
797 2655 853 2680 908.

216 2714 279 2722 ——
287 2703 342 2732 jam
351 2702 459 2732 jamque
470 2704 575 2731 tenet,
564 2703 709 2733 similisque
718 2703 821 2727 tenenti

218 2741 356 2772 Increpuit
367 2741 453 2770 malis,
465 2744 492 2765 et
502 2748 573 2766 mors
575 2749 592 2766 u
605 2743 661 2766 elus
650 2749 693 2766 <us
703 2743 778 2766 inani
790 2735 837 2767 e’st.

711 2782 778 2805 Ibid.
791 2782 847 2808 754.

189 2830 334 2866 Quorum
370 2830 506 2870 priorem
542 2831 583 2860 ad
619 2830 725 2861 locum
763 2833 917 2869 Scaliger;

188 2873 329 2903 “Etiam
355 2884 506 2904 numerus
532 2874 664 2915 (inquit)
689 2874 778 2903 nobis
803 2880 914 2903 notan-

186 2915 277 2946 “dus
290 2923 345 2948 est.
391 2916 542 2947 Extendit
554 2917 649 2955 enim,
674 2924 729 2947 aut
743 2917 910 2946 extendere

953 1760 970 1773 “
984 1759 1117 1784 conatur
1146 1762 1275 1783 cursum
1309 1758 1456 1783 accentus
1491 1752 1614 1784 medius
1644 1753 1679 1783 in

953 1803 970 1816 “
985 1798 1079 1827 verbo
1093 1796 1156 1831 illo,
1172 1798 1319 1827 videmur.
1365 1795 1406 1826 In
1421 1795 1490 1826 aliis
1505 1797 1591 1826 enim
1610 1806 1678 1826 ver-

953 1846 970 1858 “
985 1839 1070 1869 sibus
1085 1839 1150 1869 fere
1165 1847 1211 1869 est
1226 1849 1360 1875 caesura3
1380 1838 1432 1868 hic
1447 1844 1553 1868 autem
1571 1849 1678 1878 super-

955 1889 972 1901 “
987 1889 1034 1912 est
1059 1881 1161 1912 adhuc
1185 1892 1248 1911 una
1272 1881 1422 1921 syllaba.''
1469 1883 1587 1913 Poetic.
1612 1881 1681 1912 Lib.

954 1926 997 1956 V.
1015 1935 1079 1963 cap.
1096 1929 1125 1955 5.
1172 1924 1290 1954 Similis
1313 1924 1378 1954 fere
1404 1933 1529 1954 caesurae
1551 1924 1681 1963 disposi-

954 1968 998 1999 tio
1027 1968 1078 1998 hic
1104 1967 1188 2006 apud
1220 1968 1403 1997 Homerum
1431 1967 1466 1997 in
1496 1977 1570 1997 voce
1593 1967 1680 2010 ὀνείρῳ

953 2010 1147 2042 observanda
1166 2016 1221 2040 est.

997 2055 1072 2084 Ver.
1090 2057 1159 2083 201.
1176 2053 1276 2084 δύναιτο
1289 2052 1426 2094 μάρψαι]
1442 2054 1612 2084 Barnesius
1627 2053 1676 2083 in-

953 2103 1000 2128 ter
1015 2097 1114 2127 varias
1128 2096 1275 2126 lectiones
1290 2096 1397 2126 retulit
1417 2096 1534 2126 δύναται
1548 2097 1682 2138 μάρψαι·

955 2140 1028 2176 Quo
1043 2140 1138 2170 modo
1160 2149 1224 2169 non
1247 2146 1400 2169 constaret
1422 2139 1617 2178 Temporum
1631 2149 1681 2169 ra-

953 2183 1008 2213 tio.
1054 2182 1137 2212 Vide
1153 2192 1247 2221 supra
1267 2181 1307 2212 ad
1329 2182 1367 2212 α’.
1388 2184 1442 2212 57.
1487 2182 1595 2217 Porro,
1619 2191 1684 2222 qua

953 2226 1073 2256 ratione
1088 2225 1189 2256 δυνάτα
1204 2225 1254 2255 hic
1267 2225 1412 2255 ultimam
1424 2224 1589 2263 producat;
1605 2225 1683 2255 item

954 2270 990 2304 ἔς,
1014 2279 1074 2299 ver.
1106 2272 1176 2298 204.
1199 2273 1230 2298 et
1262 2269 1324 2303 ἐπὶ,
1347 2278 1407 2298 ver.
1426 2270 1498 2299 225.
1524 2273 1556 2298 et
1577 2267 1678 2307 μένεος,

954 2323 1016 2343 ver.
1032 2315 1103 2342 282.
1125 2311 1195 2342 vide
1211 2321 1305 2350 supra
1319 2311 1359 2341 ad
1375 2310 1412 2341 α’.
1429 2313 1479 2342 51.

998 2356 1073 2385 Ver.
1090 2357 1161 2385 205.
1180 2357 1291 2385 Λαιαῖσιν
1307 2353 1333 2384 δ’
1348 2353 1465 2395 ἀνένευε]
1489 2354 1541 2384 Al.
1558 2353 1681 2384 Ἄλλοι·

957 2412 997 2430 σιν
1011 2397 1032 2428 δ’
1049 2398 1161 2429 ἀνένευε.
1207 2398 1279 2433 Quo
1305 2396 1400 2427 modo
1422 2395 1499 2436 legit
1519 2402 1551 2426 et
1574 2395 1682 2426 Codex

957 2443 1162 2473 Harleianus.
1208 2439 1333 2480 virgil.-

988 2499 1083 2536 AEneas
1095 2512 1210 2535 mortem
1221 2512 1314 2534 contra
1325 2515 1492 2540 praesensque
1502 2509 1622 2533 minatur

989 2551 1122 2580 Exitium,
1134 2551 1155 2574 si
1166 2551 1305 2581 quisquam
1316 2550 1393 2574 adeat

1408 2589 1471 2614 AEn.
1483 2567 1552 2613 xn.
1565 2589 1622 2616 760.

1003 2658 1078 2688 Ver.
1096 2661 1166 2688 5306.
1189 2655 1254 2687 Οὐδ’
1282 2657 1325 2687 εἰἀι
1351 2655 1459 2697 ἐ’μεναι]
1484 2655 1535 2686 Al.
1557 2653 1624 2685 Οὐδ’
1650 2654 1684 2685 ἴα

956 2702 1015 2740 ’ἓαε
1007 2714 1071 2732 vat.
1093 2701 1194 2732 Clark.
1228 2698 1296 2730 Οὐδ’
1309 2701 1343 2729 ἐἀι
1360 2699 1463 2733 ἱέμεναι
1479 2698 1592 2728 merito
1606 2707 1686 2736 prae-

956 2744 1023 2774 fert.
1042 2743 1107 2774 Cel.
1121 2744 1150 2773 V
1153 2743 1254 2773 alken.
1270 2753 1340 2783 quae
1355 2748 1387 2772 et
1401 2742 1434 2771 in
1451 2741 1524 2771 MS.
1539 2741 1684 2779 Lips.re-

957 2787 1081 2826 peritur.
1127 2786 1179 2816 De
1208 2785 1394 2816 lectionibus
1420 2790 1494 2814 vett.
1524 2783 1593 2814 edd.
1619 2792 1684 2813 non

959 2831 1032 2860 satis
1044 2830 1183 2860 constitit
1203 2829 1282 2859 Viro
1297 2827 1485 2859 doctissimo.
1517 2825 1590 2857 vid.
1608 2826 1685 2856 Var.

961 2873 1254 2912 Lect.E’'oe1‘{pzs=oe1
1281 2877 1328 2901 est
1349 2871 1461 2901 vitium
1486 2867 1685 2910 typographi-

961 2927 1033 2946 cum
1050 2915 1082 2946 in
1102 2915 1175 2946 Ald.
1192 2919 1220 2946 2.
1235 2914 1320 2956 quod
1336 2914 1426 2944 tertia
1440 2919 1471 2944 et
1483 2912 1627 2949 Juntina‚
1651 2916 1687 2941 ut
