1783 3145
605 164 913 219 ἸΛΙΑΔΟΣ
957 162 1028 215 Σ’.

71 324 179 377 470
219 321 374 373 Φῧσαι
401 315 440 368 δ’
470 315 508 366 ἒν
546 314 766 383 χοάνοισιν
794 310 950 361 έεῖκοσι
977 311 1124 358 ποῖσαι
1153 305 1332 371 ἐφύσων,

219 390 435 448 Παντοῖην
462 385 665 459 εἶν’πξηςον
693 383 867 455 ἀϋτμὴν
895 383 1149 444 ἐξανιεῖσαι,

214 468 421 519 ”Αλλοτε
448 461 528 531 μὲν
554 459 778 513 σπεύδοντι
806 455 1110 530 παρέμμεναι,
1137 451 1312 505 οἵλλοτε
1345 452 1383 504 δ’
1413 451 1539 514 αὖτε,

211 539 401 597 ‘'Oa-orm
419 534 652 601 ‘'Hcpoetffo'g
679 535 714 586 τ’
746 531 896 585 ἐθέλοι
925 531 1003 582 καὶ
1031 529 1153 603 ἐ’ξγον
1180 527 1337 579 οἵνοιτο.

219 611 407 666 Χαλκον
431 611 470 663 δ’
501 611 538 662 ἒν
565 610 664 682 wrogi
692 608 876 673 βάλλεν
903 604 1100 677 ἀτειρέα,
1127 600 1385 673 κασσίτεξόν
1424 623 1487 657 τε,

76 693 183 744 475
220 688 314 740 Καὶ
342 685 505 758 χξυσον
532 688 740 754 τιμῆντα,
767 683 846 734 καὶ
875 679 1080 753 οἵξγυξον·
1107 679 1253 749 αὐτας
1280 674 1436 728 ’έπειτα

223 766 367 821 Θῆκεν
391 762 428 812 έν
456 757 701 828 ἀκμοθέτῳ
727 755 877 826 μέγαν
904 754 1100 824 ἄκμονα·
1131 751 1255 818 γέντο
1284 750 1327 802 δὲ
1357 750 1475 821 χειξὶ

223 839 449 907 Ῥαιςῆξα
475 831 698 906 κξατεξόν,
726 830 896 903 έτέξῃφι
925 828 969 881 δὲ
999 827 1123 894 γέντο
1149 827 1390 898 πυξάγξην.

298 910 426 961 Ποῖει
454 908 498 960 δὲ
527 909 725 980 πξῶτιςα
751 907 889 963 σάκος
916 902 1047 972 μέγα
1074 925 1138 964 τε,
1167 899 1354 971 ςιβαξόν
1393 922 1458 960 τε,

223 986 430 1036 Πάντοσε
459 982 733 1043 δαιδάλλων,
759 980 853 1052 πεξὶ
882 978 924 1030 δ’
956 976 1136 1042 οἵντυγα
1160 975 1324 1039 βάλλε
1353 972 1540 1039 φαεινὴν,

79 1063 188 1114 480
226 1058 499 1131 Τξῖπλακα,
525 1053 806 1128 μαξμαξέην,
835 1054 884 1105 ἐκ
913 1053 952 1104 δ’
983 1050 1193 1124 άξγύξεον
1220 1050 1477 1117 τελαμῶνα.

225 1132 363 1186 Πέντε
393 1132 430 1185 δ’
462 1130 530 1204 o’e'g'
561 1132 677 1183 αὐτέ
693 1128 796 1182 ’έσαν
825 1129 984 1186 σάκεος
1007 1127 1197 1196 πτύχες·
1223 1124 1370 1196 αὐτὰς
1393 1123 1429 1174 έν
1452 1122 1573 1189 αὐτῷ

144 1285 209 1313 470
230 1280 333 1312 Folles
349 1286 456 1312 autem
471 1280 505 1310 in
520 1278 698 1309 fornacibus
712 1276 824 1318 viginti
839 1285 948 1306 omnes
964 1274 1128 1314 spirabant,

236 1335 457 1376 Omnigenum
472 1320 726 1364 facilem-inflatu
741 1331 886 1370 spiritum
900 1329 1097 1365 emittentes;

232 1390 330 1421 Nune
345 1390 474 1431 quidem
489 1387 668 1428 properanti
683 1387 784 1428 qualis
798 1385 969 1419 inserviret,
987 1393 1074 1414 nuuc
1088 1392 1162 1413 vero
1177 1387 1294 1417 contra,

235 1445 517 1482 Quemadmodum
531 1443 758 1484 vulcanusque
773 1441 866 1472 vellet
886 1447 919 1471 et
932 1451 1011 1480 opus
1025 1439 1132 1480 perfici
1148 1444 1261 1479 posset.

239 1500 299 1531 AEs
314 1506 421 1531 autem
435 1499 469 1529 in
484 1500 558 1540 igne
573 1498 678 1538 posuit
692 1496 892 1531 indomitum,
909 1502 1130 1535 stannumque,

150 1556 214 1587 475
236 1554 282 1585 Et
296 1564 411 1585 aurum
425 1553 607 1593 pretiosum,
625 1558 657 1582 et
671 1557 838 1592 argentum
850 1562 857 1580 ε
882 1549 996 1580 deinde
1010 1559 1084 1579 vero

232 1608 345 1640 Posuit
359 1609 394 1638 in
408 1608 511 1647 stipite
527 1616 678 1647 magnam
693 1605 859 1642 incudem3
882 1603 1076 1644 sumpsitque
1092 1612 1191 1633 manu

238 1662 396 1694 Malleum
411 1671 548 1703 gravem,
565 1662 724 1702 alteraque
739 1660 871 1699 sumpsit
886 1659 1046 1698 forcipem.

278 1717 369 1748 Fecit
383 1722 491 1747 autem
507 1715 646 1755 primum
663 1715 797 1745 Scutum
812 1723 1027 1754 magnumque
1036 1711 1244 1751 solidumque,

235 1771 447 1813 Undiquaque
457 1768 691 1801 artificio-vario
698 1779 859 1804 exornans,
869 1770 1038 1808 orbemque
1045 1767 1198 1798 extimum
1205 1762 1413 1795 circumdedit
1420 1761 1588 1803 fulgidum,

154 1830 218 1858 480
239 1825 421 1866 Triplicem‚
439 1825 639 1860 candentem,
655 1829 687 1854 et
701 1824 740 1854 ab
754 1835 790 1854 ea
813 1825 917 1854 nexuit
932 1828 1119 1863 argenteum
1133 1820 1247 1851 lorum.

239 1880 388 1922 Quinque
404 1886 512 1911 autem
527 1878 624 1919 ipsius
639 1884 729 1910 erant
740 1878 820 1909 scuti
835 1877 943 1918 plicae:
970 1882 1001 1907 et
1015 1877 1050 1906 in
1066 1886 1104 1906 eo

281 1977 343 2006 473
359 1973 449 2015 ὅπως]
463 1974 499 2004 F.
515 1974 543 2004 τ’
559 1972 668 2015 ἐθέλοι]
686 1972 726 2002 R·
770 1974 835 2003 472
851 1970 991 2013 τεῦδοντι]
1006 1970 1080 2001 MS.
1124 1973 1187 2000 475
1204 1967 1302 2009 ἅνυτο]
1322 1966 1395 1997 MS.
1412 1965 1455 1996 sic
1468 1971 1499 1995 et
1515 1963 1588 1994 MS.

323 2028 409 2067 apud
423 2029 551 2059 Barnes.
566 2037 623 2067 pro
638 2028 732 2063 ἀνῦτα,
749 2026 835 2068 quod
849 2032 895 2057 est
908 2027 943 2057 in
958 2025 1035 2056 aliis.
1079 2028 1142 2056 477
1159 2023 1312 2067 κρατερὴν]
1330 2022 1404 2052 MS.
1420 2026 1456 2051 ut
1471 2018 1592 2056 referat,

326 2081 368 2112 ad
382 2092 444 2122 seq.
487 2085 551 2113 479
565 2081 658 2124 βάλε]
684 2080 732 2113 Id.
748 2081 783 2112 F.
800 2082 840 2113 A.
855 2081 887 2113 J.
931 2084 996 2111 480
1012 2081 1036 2112 ἒν
1057 2078 1079 2111 δ’
1095 2079 1182 2122 cigna]
1198 2077 1272 2109 MS.
1294 2076 1379 2118 quod
1392 2074 1518 2107 facilius
1532 2079 1592 2105 est:

330 2146 388 2168 nec
405 2142 512 2167 tamen
526 2136 650 2166 melius.

137 2256 210 2287 Ver.
225 2257 297 2287 476.
313 2256 337 2286 ἒν
349 2254 513 2297 ἀκμοθέτῳ]
527 2256 577 2285 Al.
591 2256 636 2286 ἐπ’
651 2253 822 2295 ἀκμοθέτῳ.

107 2342 116 2355 ι
134 2299 210 2330 Ver.
225 2302 298 2330 476.
313 2304 345 2329 et
359 2302 431 2330 477.
458 2298 556 2340 γέντο]
572 2297 656 2329 Vide
675 2308 769 2338 supra
784 2297 824 2328 ad

96 2356 125 2374 r.
141 2345 213 2373 241.

137 2385 212 2415 Ver.
226 2387 298 2416 478.
324 2385 403 2415 Ποίει
426 2384 453 2416 δὲ
480 2384 613 2428 πρότιςα
628 2385 716 2419 σάκος
741 2383 824 2425 μίγα

95 2441 136 2464 τε,
155 2428 268 2471 ςιβαςὸν
285 2428 342 2470 τε,]
360 2427 472 2468 Virgil.

126 2478 270 2509 Ingentem
279 2478 403 2510 clypeum
412 2478 569 2504 informant.

541 2518 602 2544 AEu.
617 2519 700 2543 VIII.
709 2518 765 2545 447.

95 2564 114 2579 “
131 2558 289 2599 elypeum
305 2560 440 2590 Achillis
454 2578 499 2584 —
513 2566 587 2590 ante
610 2559 673 2590 alia
687 2557 824 2598 speciose

94 2608 113 2621 ‘⁴
127 2611 309 2650 oppugnare
321 2603 616 2644 Homeromastiges
627 2603 736 2638 solent,
750 2611 825 2632 cum

96 2651 115 2664 ⁴⁶
131 2654 195 2674 risu
228 2652 408 2686 quaerentes,
433 2647 547 2688 quibus
579 2647 687 2686 spatiis
717 2650 764 2676 tot
788 2655 823 2675 ac

98 2694 116 2707 ⁴⁶
131 2693 217 2718 tanta
230 2688 383 2720 contineri
398 2690 567 2729 potuerint.
615 2691 753 2730 Magnos
768 2687 823 2718 illo

867 2253 984 2296 “quod
1006 2253 1049 2285 sic
1064 2252 1197 2293 exprimi
1222 2251 1329 2282 omnia
1350 2248 1517 2290 potuerint,
1544 2246 1595 2277 in-

869 2303 888 2317 “
901 2298 1049 2339 geniosus
1064 2297 1164 2336 pictor
1178 2294 1356 2335 speciminis
1377 2293 1447 2323 loco
1462 2292 1495 2322 in
1510 2290 1595 2322 mul-

871 2347 889 2360 “
904 2348 974 2372 tum
1002 2340 1118 2371 minori
1152 2338 1259 2370 tabula
1289 2335 1457 2368 exhibuit.’'
1513 2336 1596 2365 Acta

869 2385 956 2425 Lz'ps.
970 2387 1060 2415 1716.
1072 2393 1143 2424 pag.
1157 2385 1226 2413 185.
1245 2382 1344 2413 Clark.
1390 2379 1455 2410 Ubi
1470 2388 1508 2409 ex
1521 2377 1600 2408 Boi-

868 2427 946 2458 vinii
961 2427 1120 2466 Apologia
1134 2426 1228 2466 hujus
1242 2424 1350 2465 clypei,
1367 2424 1463 2454 etiam
1483 2421 1600 2460 species

870 2471 937 2511 ejus
951 2471 1005 2500 aeri
1019 2470 1118 2500 incisa
1131 2469 1303 2503 exhibetur,
1319 2477 1414 2508 quam
1425 2466 1536 2505 probat
1553 2463 1601 2496 Cl.

871 2514 1000 2545 Riccius
1015 2513 1099 2544 Diss.
1115 2513 1215 2543 Hom.
1229 2511 1268 2542 T.
1286 2511 1311 2542 1.
1333 2521 1362 2550 p.
1378 2513 1452 2540 216.
1477 2507 1602 2538 Eadem

870 2557 991 2596 pictura
1013 2556 1126 2587 lineari
1156 2565 1298 2594 expressa
1323 2559 1370 2583 est
1394 2553 1428 2582 in
1454 2551 1599 2582 Homero

871 2600 1024 2640 Popiano.
1068 2599 1138 2630 Nec
1151 2599 1258 2639 pigeat
1272 2605 1451 2636 comparare
1468 2594 1516 2624 CI.
1534 2594 1599 2623 Ro.

867 2644 992 2674 binsoni
1007 2643 1090 2674 dicta
1105 2642 1144 2673 de
1161 2641 1293 2672 Hesiodi
1308 2641 1412 2671 Scuto.
1458 2639 1537 2669 Em.

911 2688 987 2718 Ver.
997 2690 1057 2717 481
1071 2686 1165 2717 Πέντε
1175 2703 1218 2710 —
1230 2687 1329 2718 σάκεος
1343 2680 1485 2722 rei-62:25]
1496 2679 1600 2715 Quin·

95 2736 116 2749 “
130 2736 270 2769 tempore
284 2731 407 2771 clypeos
420 2734 455 2764 in
469 2744 530 2764 usu
545 2732 643 2764 fuisse
658 2732 773 2772 passim
790 2741 828 2762 ex
871 2740 932 2771 que
963 2730 1053 2770 plicae
1078 2735 1153 2760 sunt
1178 2728 1318 2763 totidem,
1352 2726 1401 2756 vel
1425 2723 1517 2758 coria,
1551 2720 1601 2751 vel

99 2779 116 2792 ‘⁴
133 2773 277 2804 Homero
291 2781 385 2814 patet.
432 2777 499 2807 Dat
510 2777 578 2817 jam
588 2776 698 2816 clypeo
714 2774 827 2806 Achil-

99 2822 116 2835 ‘-
131 2815 168 2847 lis
201 2824 335 2858 quatuor
364 2819 460 2860 pedes
485 2819 519 2852 in
543 2819 749 2853 diametrum:
787 2824 828 2855 et»

871 2773 1007 2814 laminae,
1037 2773 1151 2817 quibus
1179 2771 1340 2805 inducitur
1372 2773 1505 2803 scutum,
1542 2774 1602 2796 un.
