1783 3145
602 182 911 233 ἸΛῙΑΔΟΣ
965 180 1042 231 Φ’.
1473 177 1579 230 467

239 329 680 420 Πατξοκασιγνῆτοιο
706 327 955 396 μιγῆμιεναι
985 327 1022 376 ἒν
1047 326 1311 397 παλάμῃσι.

95 409 203 462 470
240 407 325 458 Τον
350 404 395 457 δε
423 406 668 467 κασιγνήτη
694 402 838 470 μάλα
860 400 1036 461 νείκεσε,
1057 398 1214 450 πότνια
1241 401 1381 470 ὃηξῶν

230 480 450 566 ”Αξτεμιις
479 479 571 547 άγξ
575 473 713 546 οτὲξη,
740 499 819 526 και
847 474 1033 526 ὀνείδειον
1059 475 1179 538 φάτο
1205 474 1370 542 μῦθον·

313 550 507 616 Φεύγεις
531 550 594 608 δη,
623 551 871 621 Εκάεξγες
913 547 1181 600 Ποσειδάωνι
1210 545 1255 598 δε
1284 570 1396 606 νικην

235 630 405 678 Πᾶσαν
427 624 702 696 ἒπὲτοεψαςς
741 622 900 692 μέλεον
928 622 971 674 δέ
994 624 1032 674 οἱ
1060 620 1192 691 εὖχος
1218 620 1407 680 εδωκαςς

236 699 455 760 Νηπύτιε,
483 700 528 751 τί
547 723 590 783 νυ
617 696 784 759 τόξον”
767 720 884 767 εχεις
912 697 1150 765 ἀνεμώλιον
1176 694 1341 754 αὕτωςς

91 776 200 830 475
239 775 320 833 Μῆ
349 797 425 826 σευ
453 775 516 824 νῦν
543 772 604 824 ἔτι
631 770 805 862 πατρὸς,
826 772 879 822 ἔνι
898 772 1160 842 μεγάξοισιν
1187 768 1342 821 ἀκεσω

237 847 492 918 Εὐχομὲνε,
521 848 571 905 ὦς
600 870 647 898 το
674 870 767 918 vrgo
794 845 831 896 ἓν
857 846 1134 896 ἀθανάτοισι
1158 846 1340 904 θεοῖσιν,

229 920 382 974 ”Αντα
408 921 702 979 Ποσειδάωνος
731 920 967 983 ἐναντιβιον
992 917 1261 988 πολεμιζειν.

302 994 403 1054 “Ως
431 997 569 1060 φάτο·
608 1019 679 1054 την
707 994 747 1046 δ’
776 992 848 1045 ἔτι
874 992 1058 1066 πξοςὲφη
1087 993 1300 1063 ἓκάεξγος
1325 989 1583 1043 Ἀπόλλων

233 1071 404 1122 Ἀλλοὶ
429 1067 726 1140 χολωσαμένη
756 1067 867 1126 Διος
895 1067 1037 1126 αι’δοῖη
1063 1067 1345 1139 παξάκοιτις,

90 1149 198 1200 480
236 1145 448 1197 Nemeo-ev
472 1143 740 1232 Ἰοχέαιξαν
751 1141 995 1200 ονειὸεἷοις’
984 1140 1169 1194 επέεσσι·

310 1221 413 1278 Πῶς
437 1217 482 1270 δε
510 1216 566 1269 σὺ
594 1220 657 1269 νῦν
681 1215 898 1287 μέμονας,
925 1215 1023 1268 κύον
1050 1214 1270 1274 §damst
1248 1214 1362 1267 αντι’
1381 1214 1509 1284 ἐμεῖο

243 1379 325 1410 Cum
341 1384 452 1419 patruo
467 1387 628 1409 conserere
643 1387 766 1409 manus.

150 1436 214 1465 470
236 1434 335 1464 Hunc
350 1440 456 1463 autem
471 1443 557 1463 soror
572 1434 771 1463 vehementer
786 1430 969 1472 objurgavit,
985 1429 1114 1460 domina
1128 1428 1266 1459 ferarum

240 1488 346 1519 Diana
360 1487 497 1528 agrestis,
511 1494 542 1517 et
557 1489 704 1526 probrosa
718 1486 799 1517 dixit
812 1487 924 1523 verba;

282 1542 436 1583 “Fugis
422 1553 502 1583 Jam,
520 1542 645 1582 Longe·
644 1541 809 1581 jaculans?
833 1540 1046 1580 Neptunoque
1061 1526 1224 1568 victoriam

241 1600 259 1616 ⁴‘
274 1597 392 1627 Totam
407 1596 602 1626 concessisti?
625 1595 816 1636 impuneque
831 1595 859 1624 ei
875 1594 1008 1635 gloriam
1025 1592 1157 1623 dedisti⁹

239 1657 259 1670 “
277 1650 388 1687 Stulte,
404 1660 460 1681 cur
475 1650 606 1681 omnino
621 1659 729 1680 arcum
744 1655 846 1690 gestas
861 1648 1007 1678 inutilem
1025 1647 1161 1677 frustra?

154 1708 218 1737 475
243 1711 261 1724 ‘⁴
276 1705 350 1735 Non
366 1711 395 1735 te
410 1715 496 1735 nunc
511 1704 648 1743 amplius
661 1703 757 1743 patris
773 1703 806 1733 in
822 1703 942 1733 aedibus
957 1701 1085 1732 audiam

242 1764 259 1778 “
276 1759 484 1795 Gloriantem‚
501 1759 581 1788 sicut
597 1763 689 1788 antea
703 1758 785 1788 inter
800 1756 991 1787 immortales
1003 1756 1084 1791 deos,

247 1816 267 1832 “
287 1813 405 1844 Contra
421 1813 606 1852 Neptunum
623 1811 894 1842 adversis-viribus
908 1816 936 1841 te
952 1807 1199 1850 pugnaturum.''

285 1867 336 1898 Sic
351 1867 447 1898 dixit:
464 1868 546 1898 Eam
563 1877 635 1897 vero
650 1866 835 1907 neutiquam
851 1865 1006 1897 allocutus
1021 1871 1067 1895 est
1082 1862 1333 1905 longe-jaculans
1349 1863 1478 1904 Apollo:

243 1921 304 1951 Sed
319 1921 396 1951 irata
411 1921 433 1952 J
435 1922 500 1951 ovis
517 1920 692 1950 veneranda
706 1930 793 1956 uxor,

156 1978 219 2006 480
243 1975 402 2015 increpuit
419 1974 752 2016 Sagittis·gaudentem
769 1974 1001 2005 contumeliosis
1015 1974 1130 2011 verbis;

286 2036 304 2048 ‘⁴
320 2028 489 2066 Quomodo
503 2039 576 2059 vero
591 2035 627 2059 tu
641 2038 727 2059 nunc
744 2029 887 2064 sustines,
903 2029 989 2059 canis
1003 2028 1115 2064 audax,
1132 2033 1240 2058 contra
1254 2037 1305 2057 me

282 2136 344 2166 477
368 2133 544 2176 πολεμίξειν]
576 2134 611 2165 F.
629 2134 668 2164 A.
689 2137 717 2164 l.
760 2137 824 2165 479
846 2132 931 2177 κυδρὴ
947 2132 1132 2175 παράκοιτις]
1174 2131 1215 2163 R.
1241 2137 1289 2163 est
1310 2130 1354 2162 Sic
1369 2136 1400 2161 et
1414 2131 1447 2161 in
1466 2130 1590 2164 Comm.

326 2188 416 2219 Eust.
441 2188 496 2219 sed
511 2198 617 2219 versus
631 2198 695 2219 non
715 2193 843 2220 constat.
887 2191 950 2218 480
971 2186 1031 2218 vid.
1047 2192 1112 2217 not.

136 2367 208 2399 Ver.
238 2370 309 2398 473.
331 2366 447 2409 μέλεον]
482 2365 565 2397 Vide
590 2376 684 2406 supra
706 2365 747 2397 ad
776 2365 816 2398 π’.
903 2365 978 2396 Ver.
995 2368 1066 2395 480.
1089 2362 1231 2405 Νείκεσεν]
1254 2362 1354 2392 Deest
1367 2360 1418 2391 hic
1432 2370 1541 2391 versus
1555 2360 1592 2392 in

87 2413 165 2443 ‘536.
864 2408 979 2440 Codice
998 2409 1159 2440 Harleian.
1205 2407 1307 2437 Clark.
1352 2405 1436 2435 Item
1459 2405 1492 2434 in
1511 2404 1590 2435 Cod.

131 2456 206 2485 Ver.
222 2456 293 2484 474.
317 2452 468 2495 Mon-6⁷12]
492 2453 663 2484 Barnesz‘us
686 2462 724 2483 ex
739 2462 817 2483 con·
860 2452 949 2501 Lips.
970 2451 1003 2481 in
1030 2450 1077 2481 ed.
1103 2450 1196 2480 Rom.
1216 2455 1247 2479 et
1274 2449 1400 2478 Comm.
1418 2449 1590 2483 Eustathii,

86 2497 208 2538 jectura
223 2496 321 2527 edidit
342 2495 498 2532 Nun-denam
528 2502 546 2515 “
560 2496 696 2534 Etsaepe
709 2495 816 2531 aliasss'
861 2495 915 2535 qui
937 2495 1030 2525 etiam
1054 2494 1118 2523 xim
1140 2493 1174 2522 in
1199 2502 1236 2522 eo
1262 2498 1292 2521 et
1306 2490 1473 2521 artificium
1488 2497 1589 2529 poetae

92 2541 202 2580 inquit,
230 2545 247 2559 ‘⁶
263 2541 481 2570 Nominativus
495 2549 551 2579 pro
573 2540 710 2570 Vocativo
725 2538 815 2578 poni-
858 2538 993 2577 reponit,
1019 2537 1103 2577 quod
1117 2536 1161 2566 ita
1183 2538 1236 2566 ἀ-ε
1239 2536 1295 2568 λῶς
1313 2544 1379 2564 rem
1395 2533 1589 2572 expresserit,

93 2588 114 2602 “
130 2582 212 2613 tur.''
260 2582 354 2618 Quod
383 2582 456 2612 ferri
487 2592 551 2612 non
579 2588 688 2620 potest.
734 2581 817 2611 Vide
859 2581 958 2611 verbis
973 2582 1060 2611 ἀλλὰ
1075 2579 1270 2620 χολωσαμένη
1287 2578 1350 2612 Διὸς
1363 2591 1393 2608 κ.
1408 2577 1591 2624 παράκοιτις,

91 2635 185 2664 supra
206 2625 247 2656 ad
266 2625 303 2656 α’.
330 2628 398 2656 175.
446 2625 602 2656 Praeterea
624 2630 745 2654 mutato
767 2625 816 2654 hic
860 2635 885 2653 s
877 2625 965 2653 atim
980 2624 1153 2653 orationem
1167 2622 1188 2653 J
1192 2631 1306 2651 unoms
1327 2620 1428 2659 ipsam
1450 2618 1589 2657 subjece-

90 2667 171 2698 nihil
184 2678 270 2707 opus.
316 2667 399 2698 Vide
412 2668 453 2698 ad
468 2669 505 2699 α’.
522 2671 570 2699 51.
859 2667 909 2702 rit,
925 2673 956 2697 et
971 2666 1059 2706 quasi
1073 2664 1218 2696 claudam
1238 2663 1412 2694 orationem
1427 2660 1588 2691 effecerit?

134 2711 208 2741 Ver.
224 2715 294 2742 476.
320 2714 392 2742 500.
414 2717 446 2741 et
461 2714 532 2742 515.
555 2709 742 2752 ἀθανάτοιο-ι]
767 2709 815 2739 Si·
861 2710 942 2745 Quae
957 2709 1062 2739 locum
1078 2718 1142 2738 non
1158 2709 1280 2742 habent,
1305 2706 1332 2736 si
1353 2706 1387 2735 iu
1403 2703 1590 2741 exemplari-

91 2748 266 2795 militerque
295 2753 377 2784 infra
401 2764 462 2785 ver.
488 2757 560 2785 504.
582 2753 756 2796 θυγατέρος·
786 2758 817 2783 et
860 2754 917 2782 bus
945 2752 1078 2782 Homeri
1102 2751 1164 2781 fuit
1188 2760 1296 2779 versus
1321 2748 1378 2778 hic.
1425 2745 1591 2776 Delendus

91 2807 153 2827 ver.
180 2801 251 2829 561.
271 2797 449 2838 ἀπονεοίμην.
486 2796 572 2828 Vide
594 2807 687 2837 supra
712 2796 752 2827 ad
777 2796 815 2827 α’.
861 2805 935 2836 ergo
951 2802 1004 2825 est.
1050 2794 1140 2824 Nihil
1167 2793 1217 2823 hic
1242 2802 1300 2823 nec
1325 2794 1427 2823 Bam
1424 2800 1503 2825 szuS,
1528 2797 1588 2819 nec

91 2843 163 2872 398.
862 2839 1003 2870 Clark-ius
1018 2837 1103 2868 vidit.
1147 2838 1227 2868 Era.
